1842 3133
519 107 581 142 DE
609 106 770 143 GENTE
797 105 968 142 POPVLI
998 107 1186 142 ROMANI
1568 109 1619 149 19

94 225 208 269 genle
243 221 380 270 finiuit,
415 233 461 258 ex
495 221 700 258 occasione
734 220 1000 270 historiarum,
1034 232 1132 270 quae
1166 232 1229 257 res
1262 221 1458 258 ueraciter
1489 225 1619 269 gestas

93 287 311 335 continent,
351 287 402 323 ita
442 291 527 323 sunt
570 286 738 335 ingeniis
777 283 984 323 hominnm
1019 286 1148 334 lictae,
1182 290 1223 323 ut
1257 298 1333 323 non
1368 286 1446 323 sint
1479 298 1618 336 oppro-

92 350 189 388 briis
217 352 422 389 nuniinuni
457 350 615 389 adlixae.

232 411 344 445 Porro
378 413 501 446 autem
536 411 760 455 quicumque
793 411 976 445 finxerunt
1009 422 1030 445 a
1061 411 1148 445 Ioue
1187 411 1234 445 ad
1267 413 1435 455 stuprum
1472 412 1620 456 raptum

138 464 428 509 pulcherrimum
454 476 610 510 puerum
631 464 897 509 Ganymedem,
924 465 1022 508 quod
1051 464 1155 498 nefas
1182 475 1244 498 rex
1266 464 1446 498 Tantalus
1473 465 1563 498 fecit
1584 466 1621 499 et

138 518 216 551 Ioui
249 517 377 552 fabula
411 518 555 561 tribuit,
588 518 647 553 uel
674 518 822 552 Danaes
854 529 921 562 per
950 518 1104 552 imbrem
1140 528 1292 552 aureum
1321 517 1509 562 adpetisse
1537 529 1621 552 con-

138 571 316 614 cubitum,
342 571 407 606 ubi
427 571 660 616 intellegitur
679 571 865 615 pudicitia
885 571 1051 605 mulieris
1072 583 1161 605 auro
1182 572 1296 605 fuisse
1318 574 1503 615 corrupta,
1525 582 1620 615 quae

137 624 212 659 illis
238 625 469 669 temporibus
495 625 554 659 uel
582 626 683 659 facta
708 624 768 658 uel
794 625 881 658 ficta
911 625 996 658 sunt
1022 626 1088 658 aut
1113 624 1215 658 facta
1236 624 1283 658 ab
1305 624 1389 658 aliis
1411 627 1447 659 et
1469 626 1554 659 ficta
1576 625 1621 658 de

137 678 235 720 Ioue,
263 678 337 712 dici
363 689 437 713 non
462 680 587 723 potest
613 680 795 722 quantum
822 677 911 711 mali
939 679 984 712 de
1010 678 1203 711 hominum
1229 678 1523 722 praesumserint
1543 690 1618 711 cor-

139 731 260 774 dibus,
287 732 386 774 quod
412 733 564 775 possent
590 732 662 765 ista
689 732 876 776 patienter
901 732 996 765 ferre
1016 731 1223 774 mendacia,
1245 742 1340 775 quae
1361 733 1485 765 tamen
1507 732 1619 765 etiam

137 784 296 820 libenter
328 784 491 829 amplexi
523 788 625 826 sunt,
666 785 729 829 qui
762 785 892 828 utique
926 786 1065 828 quanto
1106 785 1277 819 (leuotius
1315 785 1441 819 Iouem
1481 785 1619 828 colunt,

137 839 242 872 tanto
276 849 354 880 eos,
387 838 451 882 qui
484 838 575 872 haec
608 839 652 872 de
679 838 744 872 illo
773 839 895 873 (licere
922 838 1003 872 ausi
1030 840 1127 881 sunt,
1155 838 1319 873 seuerius
1346 838 1478 882 punire
1507 838 1621 872 ‹lebu—

138 893 254 926 erunt.
277 913 321 916 ——-
348 891 415 925 His
442 892 671 936 temporibus
692 892 836 926 Latona
857 892 1067 936 Apollinem
1095 892 1251 936 peperit,
1278 902 1351 925 non
1376 891 1494 934 illum,
1516 892 1620 926 0111113

139 945 288 979 oracula
327 944 442 979 solere
483 945 624 979 consuli
664 946 833 990 superius
872 946 1134 990 loquebamur,
1174 945 1237 979 sed
1276 944 1394 988 illum,
1434 945 1497 989 qui
1538 956 1620 979 011111

139 998 296 1032 Hercule
336 999 492 1033 seruiuit
530 999 705 1042 Admeto,
751 999 814 1042 qui
853 1001 979 1033 tamen
1022 999 1074 1032 310
1120 1000 1176 1033 031,
1220 999 1310 1032 deus
1356 998 1535 1041 creditus,
1580 1001 1622 1032 ut

137 1052 287 1096 plurimi
314 1063 357 1086 ac
383 1063 501 1096 paene
528 1063 655 1086 omnes
680 1064 795 1086 unum
822 1053 1056 1096 eundemque
1082 1051 1296 1097 Apollinem
1324 1052 1439 1085 fuisse
1467 1052 1621 1096 opinen-

138 1108 207 1140 tur.
257 1108 345 1140 tunc
381 1108 417 1141 et
452 1106 562 1139 Liber
597 1108 704 1151 pater
736 1105 896 1141 bellauit
928 1106 965 1139 in
999 1105 1123 1148 India,
1157 1106 1221 1149 qui
1253 1104 1391 1139 multas
1425 1105 1558 1139 habuit
1583 1105 1621 1139 in

139 1159 302 1193 exercitu
339 1159 514 1202 feminas,
550 1171 647 1203 quae
682 1159 851 1194 Bacchae
888 1159 1101 1204 appellatae
1133 1161 1235 1201 sunt,
1268 1170 1342 1193 non
1374 1160 1451 1193 tam
1481 1158 1621 1193 uirtute

138 1212 281 1248 nobiles
309 1224 419 1257 quam
446 1212 579 1247 furore.
626 1213 743 1257 aliqui
770 1223 859 1248 sane
885 1215 923 1247 et
949 1212 1090 1247 uictum
1118 1212 1286 1247 scribunt
1311 1212 1423 1246 istum
1447 1212 1621 1246 Liberum

140 1268 177 1300 et
208 1266 394 1309 uinctum,
426 1266 595 1301 nonnulli
629 1268 666 1301 et
699 1266 859 1301 occisum
893 1267 931 1300 in
956 1277 1084 1311 pugna
1112 1278 1132 1300 a
1158 1266 1291 1301 Perseo
1321 1277 1389 1300 1100
1414 1266 1479 1299 ubi
1508 1265 1622 1300 fuerit

140 1319 307 1364 sepultus
333 1321 471 1361 tacent,
498 1321 535 1354 et
560 1322 686 1354 tamen
713 1320 792 1355 01113
818 1320 923 1355 uelut
950 1320 1009 1355 dei
1036 1319 1185 1354 nomine
1212 1331 1278 1364 per
1307 1319 1505 1353 inmundos
1536 1319 1622 1353 dae-

138 1384 264 1407 mones
301 1373 553 1408 Bacchanalia
592 1385 697 1408 sacra
730 1374 791 1408 uel
826 1374 951 1418 potius
987 1373 1185 1419 sacrilegia
1222 1375 1308 1407 sunt
1345 1373 1538 1416 instituta,
1575 1373 1621 1407 de

139 1438 294 1470 quornm
321 1427 470 1461 rabiosa
496 1427 729 1471 turpitudine
754 1430 838 1472 post
864 1429 942 1461 tam
968 1427 1105 1461 multos
1133 1438 1249 1461 annos
1276 1427 1328 1460 sic
1363 1428 1513 1461 senatus
1541 1437 1622 1460 eru-

140 1480 232 1523 buit,
260 1481 301 1514 ut
326 1480 365 1514 in
396 1480 487 1514 urbe
514 1480 633 1515 Roma
662 1492 742 1516 0330
768 1481 992 1525 prohiberet.
1045 1492 1110 1525 per
1137 1491 1181 1515 ea
1206 1482 1377 1525 tempora
1403 1480 1557 1515 Perseus
1585 1482 1622 1514 et

138 1545 229 1568 uxor
261 1534 339 1568 eius
372 1534 611 1569 Andromeda
642 1536 889 1579 posteaquam
921 1537 1008 1568 sunt
1041 1534 1196 1577 mortui,
1230 1534 1282 1568 sic
1315 1544 1376 1568 eos
1412 1533 1451 1568 in
1477 1533 1621 1568 caelum

139 1589 307 1632 receptos
341 1598 419 1622 esse
453 1588 701 1631 crediderunt,
735 1590 777 1621 111,
808 1588 991 1633 imagines
1025 1599 1151 1623 eorum
1184 1587 1304 1622 stellis
1336 1587 1535 1632 designare
1561 1598 1621 1621 eo-

138 1652 293 1685 rumque
320 1641 512 1685 appellare
538 1641 750 1676 nominibus
777 1653 850 1676 non
877 1641 1147 1685 erubescerent,
1175 1652 1246 1675 non
1274 1640 1459 1675 timerent.

235 1697 374 1738 (014..)
413 1694 483 1729 Per
508 1694 608 1729 idem
639 1695 818 1740 temporis
850 1695 1091 1730 interuallum
1125 1695 1348 1730 exstiterunt
1379 1696 1531 1739 poetae,
1558 1694 1621 1738 qui

140 1748 253 1782 etiam
286 1747 453 1793 theologi
486 1747 713 1791 dicerentur,
748 1749 925 1792 quoniam
958 1749 1003 1783 de
1036 1748 1108 1783 diis
1135 1748 1302 1782 carmina
1327 1747 1529 1788 faciebant,
1557 1748 1621 1782 sed

139 1801 279 1835 talibus
301 1801 368 1845 dis,
384 1802 448 1845 qui
468 1801 557 1836 licet
576 1802 705 1847 magni
725 1802 906 1846 homines,
926 1804 1052 1837 tamen
1073 1802 1241 1836 homines
1262 1801 1413 1836 fuerunt
1433 1804 1489 1846 (—-
1512 1812 1579 1836 nec
1600 1813 1621 1835 a

140 1854 309 1889 fabuloso
336 1855 488 1889 deorum
516 1866 665 1889 suorum
692 1856 872 1891 dedecore
900 1855 1013 1890 etiam
1034 1855 1107 1900 ipsi
1128 1867 1166 1889 se
1188 1855 1374 1890 abstinere
1394 1857 1621 1900 potuerunt),

141 1907 326 1953 Orpheus,
359 1908 550 1951 Musaeus,
583 1908 706 1943 Linus.
752 1919 879 1943 uerum
907 1909 970 1943 isti
1002 1908 1168 1954 theologi
1195 1910 1283 1944 deos
1317 1909 1521 1951 coluerunt,
1548 1920 1620 1943 non

139 1973 204 2007 pro
226 1962 283 1996 dis
310 1961 401 1996 culti
429 1965 524 2005 sunt,
552 1962 723 2006 quamuis
746 1962 931 2007 Orpheum
952 1963 1077 1997 nescio
1098 1975 1170 2008 quo
1191 1963 1300 1997 modo
1327 1962 1482 1998 infernis
1507 1962 1620 1997 sacris

139 2015 200 2050 uel
226 2016 350 2061 potius
378 2015 583 2061 sacrilegiis
610 2016 810 2060 praeficere
837 2016 956 2051 soleat
982 2017 1116 2051 ciuitas
1143 2017 1339 2061 inpiorum.
1378 2028 1470 2051 uxor
1496 2018 1619 2051 autem

138 2069 237 2114 regis
265 2069 514 2111 Athamantis,
542 2081 637 2114 quae
663 2070 870 2104 uocabatur
895 2070 971 2113 Ino,
998 2072 1036 2104 et
1061 2070 1140 2105 eius
1162 2070 1259 2104 filius
1280 2071 1489 2106 Melicertes
1516 2081 1621 2115 prae·

141 2123 270 2167 cipitio
304 2124 508 2167 spontaneo
541 2123 579 2157 in
611 2123 704 2158 mari
737 2124 927 2168 perierunt
958 2125 996 2158 et
1029 2124 1203 2168 opinione
1235 2124 1426 2158 hominum
1458 2124 1495 2157 in
1533 2124 1620 2158 deos

140 2176 250 2210 relati
282 2178 384 2219 sunt,
418 2177 514 2211 sicut
549 2177 614 2211 alii
646 2177 815 2212 homines
848 2188 974 2212 eorum
1005 2179 1232 2221 temporum,
1260 2177 1389 2212 Castor
1415 2179 1452 2212 et
1478 2177 1619 2211 Pollux.

140 2229 245 2263 illam
278 2240 366 2264 sane
398 2230 600 2265 Melicertis
632 2232 788 2265 matrem
822 2231 1071 2266 Leucotheam
1099 2231 1247 2274 Graeci,
1283 2231 1466 2265 Matutam
1495 2232 1619 2265 Latini

140 2285 380 2326 uocauerunt,
406 2283 554 2327 utrique
580 2286 706 2319 tamen
732 2285 907 2328 putantes
934 2284 1053 2319 deam.

213 2406 268 2435 21.
293 2402 345 2444 Cf.
363 2404 516 2447 Auyust.
534 2403 576 2437 (Ie
594 2415 621 2437 c.
638 2402 671 2437 d.
696 2404 753 2438 VI
767 2406 789 2437 9
817 2403 876 2437 Sic
896 2402 1148 2437 Bacchanalia
1169 2414 1312 2436 summa
1333 2403 1621 2438 celebrabantur

94 2449 251 2492 insania,
266 2449 331 2483 ubi
352 2449 486 2484 Varro
508 2449 587 2494 ipse
610 2450 806 2485 confitetur
821 2462 842 2484 a
856 2450 1132 2484 Bacchantibus
1153 2450 1247 2484 talia
1268 2451 1347 2484 fieri
1363 2463 1437 2485 non
1451 2451 1619 2495 potuisse

93 2496 166 2531 11131
198 2500 322 2531 mente
355 2499 549 2532 commota.
583 2497 675 2532 haec
701 2500 826 2533 tamen
854 2500 985 2542 postea
1011 2497 1282 2542 displicuerunt
1308 2499 1454 2532 senatui
1482 2499 1619 2532 saniori

94 2546 131 2578 et
157 2555 200 2578 ea
226 2544 335 2578 iussit
361 2544 507 2579 auferri.

217 2658 280 2694 12.
314 2657 360 2694 de
392 2657 460 2694 illo
494 2669 579 2694 omn
606 2672 626 2707 ρ
659 2668 733 2694 01η.
761 2658 952 2694 Dombart
1085 2660 1148 2694 14.
1182 2671 1299 2706 quem
1333 2671 1419 2695 cuni
1452 2659 1619 2696 Hercule

95 2717 227 2753 ferunt
270 2716 431 2753 Admeti
474 2716 577 2766 regis
622 2719 801 2753 armenta
844 2718 1001 2765 pauisse
1041 2718 1143 2764 uum.
1298 2718 1363 2756 35.
1397 2718 1619 2755 adamantis

96 2776 200 2813 codd.
222 2779 382 2822 praeter
415 2776 435 2811 b
557 2776 778 2812 melicertes
811 2777 832 2813 b

1292 2843 1335 2866 0:⁶2²
