1842 3133
1486 85 1578 122 vuss

44 192 159 246 ipsas
192 193 370 244 spectat,
403 189 530 244 idque
564 188 734 243 parcius
769 188 812 228 in
844 187 1014 229 Graecis
1049 202 1175 242 quam
1210 187 1253 227 in
1279 188 1457 242 Latinis,
1492 203 1573 229 om-

45 256 145 298 niuo
184 255 378 311 neglecta
417 253 728 309 orthographia
766 253 1082 306 uerborumque
1125 252 1403 293 collocatione
1449 256 1578 307 atque

45 321 79 363 si
120 336 201 375 qua
243 323 463 374 praeterea
504 319 557 359 ad
601 318 885 359 aestimandas
931 317 1141 358 librorum
1188 318 1577 372 manuscriptorum

44 385 322 427 auctoritates
356 385 397 425 in
432 384 695 425 editionibus
722 383 863 423 adlata
890 385 1020 423 erant.
1073 382 1183 438 sigla
1210 383 1441 423 secundum
1469 383 1579 437 opti—

46 466 157 492 mam
199 464 411 504 quamque
451 449 683 490 editionem
722 448 964 503 significata
1003 451 1121 503 sunt,
1161 463 1185 495 ς
1223 448 1387 489 codices
1432 464 1579 489 omnes

46 515 200 570 reliqui
233 515 301 556 uel
334 514 528 569 plerique
562 514 631 555 uel
665 513 907 554 deteriores.

163 580 212 621 In
257 579 622 621 adnotatione
668 593 761 619 rara
806 578 850 618 in
895 577 976 618 hoc
1020 577 1239 619 uolumine
1286 579 1450 619 occasio
1498 578 1580 619 fuit

47 646 206 687 auulsis
239 645 559 686 enuntiatorum
592 643 758 684 laciniis
797 646 989 684 tenorem
1028 658 1152 683 suum
1190 643 1456 697 restituendi,
1493 658 1580 684 sae—

47 711 144 765 pius
177 725 268 751 eam
301 709 515 751 similibus
547 709 652 750 locis
686 708 1205 763 interpretationibusque
1239 708 1414 762 repleui.

163 775 430 816 Indicibus
464 777 671 829 quantum
707 773 829 828 potui
869 773 1204 827 locupletissime
1244 774 1296 814 ad
1335 775 1579 827 exemplum

46 840 200 896 prioris
232 840 464 881 uoluminis
497 839 701 881 confectis
733 838 829 879 usui
863 838 1054 879 uirorum
1082 839 1305 879 doctorum
1332 839 1579 892 prospicere

46 905 203 960 studui,
235 905 296 946 ita
327 908 482 959 tamen,
515 907 563 945 ut
596 919 691 946 cum
725 903 897 945 omnino
932 903 1124 957 exceptis
1158 904 1460 959 grammaticis,
1494 904 1575 945 nisi

48 974 188 1012 certae
216 971 422 1025 quaedam
449 984 599 1011 causae
627 969 864 1024 subessent,
891 969 943 1009 ad
970 969 1151 1010 uerbum
1177 969 1419 1024 fragmenta
1446 972 1581 1010 trans-

47 1037 135 1078 lata
181 1050 268 1077 non
313 1050 404 1077 esse
449 1035 702 1088 arbitrarer,
740 1038 832 1075 tum
871 1033 1040 1089 singula
1078 1034 1212 1075 uerba
1245 1049 1341 1075 cum
1373 1034 1578 1075 Hadriani

46 1104 187 1142 aetate
232 1115 477 1143 enumerare
524 1100 768 1141 desinerem.
828 1114 925 1140 nam
972 1102 1072 1153 post
1116 1114 1207 1140 eam
1254 1099 1431 1155 longum
1473 1099 1582 1140 illud

46 1166 250 1207 historiae
282 1166 459 1207 Latinae
487 1165 705 1207 silentium
732 1180 867 1219 usque
895 1165 947 1205 ad
974 1163 1154 1205 Seueros
1181 1164 1283 1217 hiat,
1311 1165 1390 1205 sub
1421 1164 1580 1218 quibus

48 1231 193 1285 eisque
226 1231 298 1285 qui
332 1231 466 1272 secuti
500 1233 599 1272 sunt
631 1230 965 1285 imperatoribus
997 1244 1132 1284 paene
1165 1229 1273 1270 nihil
1312 1230 1393 1270 nisi
1426 1229 1580 1271 aulico-

48 1312 194 1338 corum
238 1296 493 1351 biographia
537 1296 652 1337 culta
696 1298 772 1349 est,
818 1294 937 1336 cuius
976 1294 1181 1336 memoria
1220 1295 1284 1336 dis
1325 1295 1487 1348 placuit
1533 1301 1581 1336 ut

49 1362 138 1403 sola
182 1362 362 1402 historia
405 1361 605 1416 Augusta
620 1359 651 1417 ¹)
698 1361 977 1402 contineatur.
1041 1360 1173 1400 uerba
1217 1363 1360 1401 autem
1407 1360 1441 1402 si
1487 1360 1582 1414 quis

49 1427 250 1481 requirat,
284 1427 374 1468 eius
407 1426 621 1468 uoluntati
650 1425 691 1467 C.
720 1425 931 1481 Lessingii
966 1425 1174 1466 industria
1207 1425 1476 1467 satisfactum
1504 1429 1579 1466 est.

49 1507 99 1533 ex
132 1507 216 1533 una
247 1491 381 1547 igitur
412 1491 732 1545 adclamatione,
766 1491 816 1532 de
849 1491 968 1532 cuius
1001 1491 1083 1531 fide
1118 1490 1331 1532 dubitatio
1359 1491 1476 1532 nulla
1505 1494 1581 1546 est,

51 1558 256 1611 quasdam
288 1557 518 1598 uerborum
552 1559 694 1611 partes
728 1556 931 1610 excerpsi.

172 1690 202 1729 1)
231 1685 413 1727 Quoniam
440 1696 577 1730 magna
603 1686 896 1729 fragmentorum
923 1684 1126 1719 multitudo
1154 1695 1197 1719 ex
1224 1695 1268 1718 ea
1293 1685 1331 1718 in
1358 1684 1427 1719 hoc
1449 1696 1580 1728 corpus

49 1739 264 1784 recipienda
302 1739 384 1781 fuit,
424 1739 537 1774 semel
575 1739 635 1773 hic
671 1749 802 1773 moneo
837 1749 935 1772 nunc
972 1750 1030 1772 me
1070 1740 1106 1772 et
1138 1738 1177 1772 in
1209 1737 1401 1782 scripturis
1443 1738 1580 1772 codicis

50 1791 215 1826 Palatini
249 1792 499 1827 exscribendis
534 1792 766 1836 acquieuisse
800 1792 926 1826 codice
960 1791 1228 1836 Bambergensi
1255 1793 1390 1836 spreto⁷
1418 1791 1491 1825 nisi
1518 1791 1581 1825 ubi

51 1857 93 1880 eo
126 1846 174 1879 ad
207 1846 507 1880 constituendam
540 1858 667 1880 ueram
701 1845 922 1889 scripturam
954 1844 1056 1878 illius
1083 1856 1174 1889 opus
1201 1847 1309 1887 esset,
1337 1846 1374 1880 et
1399 1844 1437 1878 in
1464 1845 1580 1879 nomi-

50 1899 185 1933 nandis
217 1899 307 1933 uiris
341 1899 470 1941 doctis,
504 1899 567 1944 qui
601 1899 646 1934 de
676 1898 936 1933 emendatione
962 1899 1060 1933 bene
1085 1898 1210 1932 meriti
1239 1901 1372 1941 essent,
1399 1898 1490 1932 locis
1518 1898 1580 1932 ubi

51 1953 331 1997 proposuissent
357 1952 513 1995 omissis,
549 1952 579 1986 si
604 1953 641 1986 in
670 1952 833 1987 editione
860 1962 943 1985 mea
970 1951 1089 1986 altera
1116 1952 1218 1996 (anni
1248 1954 1351 1995 1884)
1379 1951 1580 1996 significati

52 2008 184 2040 essent.

170 2114 349 2155 Misniae
382 2129 526 2155 mense
558 2113 792 2157 Februario
826 2130 858 2155 a.
889 2115 1175 2157 CIODCCCC'VI.
