<?xml version="1.0" encoding="UTF-8"?>
<!DOCTYPE html PUBLIC "-//W3C//DTD XHTML 1.0 Transitional//EN"
    "http://www.w3.org/TR/xhtml1/DTD/xhtml1-transitional.dtd">
<html xmlns="http://www.w3.org/1999/xhtml" xml:lang="en" lang="en">
 <head>
  <title>
</title>
<meta http-equiv="Content-Type" content="text/html;charset=utf-8" />
  <meta name='ocr-system' content='tesseract 3.04.00' />
  <meta name='ocr-capabilities' content='ocr_page ocr_carea ocr_par ocr_line ocrx_word'/>
</head>
<body>
  <div class='ocr_page' id='page_1' title='image "./veterumhistorico02peteuoft_0010.png"; bbox 0 0 1842 3133; ppageno 0'>
   <div class='ocr_carea' id='block_1_1' title="bbox 193 84 263 125">
    <p class='ocr_par' dir='ltr' id='par_1_1' title="bbox 193 84 263 125">
     <span class='ocr_line' id='line_1_1' title="bbox 193 84 263 125; baseline 0 0"><span class='ocrx_word' id='word_1_1' title='bbox 193 84 263 125; x_wconf 63' lang='lat' dir='ltr'><strong>x&#39;1·”³²</strong></span> 
     </span>
    </p>
   </div>
   <div class='ocr_carea' id='block_1_2' title="bbox 192 188 1756 2786">
    <p class='ocr_par' dir='ltr' id='par_1_2' title="bbox 192 188 1734 1482">
     <span class='ocr_line' id='line_1_2' title="bbox 192 188 1725 245; baseline -0.001 -14"><span class='ocrx_word' id='word_1_2' title='bbox 192 191 288 245; x_wconf 83' lang='lat' dir='ltr'><strong>plus</strong></span> <span class='ocrx_word' id='word_1_3' title='bbox 323 190 607 245; x_wconf 76' lang='lat' dir='ltr'><strong>quadraginta</strong></span> <span class='ocrx_word' id='word_1_4' title='bbox 641 188 824 243; x_wconf 82' lang='lat' dir='ltr'><strong>reperire</strong></span> <span class='ocrx_word' id='word_1_5' title='bbox 858 203 1040 243; x_wconf 85' lang='lat' dir='ltr'><strong>possem,</strong></span> <span class='ocrx_word' id='word_1_6' title='bbox 1068 188 1325 229; x_wconf 79' lang='lat' dir='ltr'><strong>coniecturis</strong></span> <span class='ocrx_word' id='word_1_7' title='bbox 1352 191 1494 229; x_wconf 84' lang='lat' dir='ltr'><strong>tamen</strong></span> <span class='ocrx_word' id='word_1_8' title='bbox 1521 188 1725 242; x_wconf 84' lang='lat' dir='ltr'><strong>abstinui,</strong></span> 
     </span>
     <span class='ocr_line' id='line_1_3' title="bbox 192 253 1727 307; baseline -0.001 -11"><span class='ocrx_word' id='word_1_9' title='bbox 192 272 243 296; x_wconf 88' lang='lat' dir='ltr'><strong>ne</strong></span> <span class='ocrx_word' id='word_1_10' title='bbox 277 259 436 296; x_wconf 81' lang='lat' dir='ltr'><strong>certam</strong></span> <span class='ocrx_word' id='word_1_11' title='bbox 471 255 784 307; x_wconf 76' lang='lat' dir='ltr'><strong>auctoritatem,</strong></span> <span class='ocrx_word' id='word_1_12' title='bbox 825 268 932 307; x_wconf 82' lang='lat' dir='ltr'><strong>quae</strong></span> <span class='ocrx_word' id='word_1_13' title='bbox 972 253 1134 294; x_wconf 85' lang='lat' dir='ltr'><strong>alienae</strong></span> <span class='ocrx_word' id='word_1_14' title='bbox 1175 253 1391 294; x_wconf 88' lang='lat' dir='ltr'><strong>doctrinae</strong></span> <span class='ocrx_word' id='word_1_15' title='bbox 1432 256 1473 295; x_wconf 87' lang='lat' dir='ltr'><strong>et</strong></span> <span class='ocrx_word' id='word_1_16' title='bbox 1512 253 1727 295; x_wconf 89' lang='lat' dir='ltr'><strong>sollertiae</strong></span> 
     </span>
     <span class='ocr_line' id='line_1_4' title="bbox 194 318 1728 373; baseline -0.001 -12"><span class='ocrx_word' id='word_1_17' title='bbox 194 321 394 361; x_wconf 78' lang='lat' dir='ltr'><strong>materiae</strong></span> <span class='ocrx_word' id='word_1_18' title='bbox 441 323 482 360; x_wconf 90' lang='lat' dir='ltr'><strong>et</strong></span> <span class='ocrx_word' id='word_1_19' title='bbox 526 319 717 360; x_wconf 72' lang='lat' dir='ltr'><strong>subsidia</strong></span> <span class='ocrx_word' id='word_1_20' title='bbox 762 321 886 373; x_wconf 82' lang='lat' dir='ltr'><strong>esset,</strong></span> <span class='ocrx_word' id='word_1_21' title='bbox 931 318 1163 372; x_wconf 87' lang='lat' dir='ltr'><strong>turbarem,</strong></span> <span class='ocrx_word' id='word_1_22' title='bbox 1203 321 1245 359; x_wconf 90' lang='lat' dir='ltr'><strong>et</strong></span> <span class='ocrx_word' id='word_1_23' title='bbox 1288 318 1464 359; x_wconf 88' lang='lat' dir='ltr'><strong>minutis</strong></span> <span class='ocrx_word' id='word_1_24' title='bbox 1496 318 1646 360; x_wconf 83' lang='lat' dir='ltr'><strong>formis</strong></span> <span class='ocrx_word' id='word_1_25' title='bbox 1679 334 1728 359; x_wconf 87' lang='lat' dir='ltr'><strong>ea</strong></span> 
     </span>
     <span class='ocr_line' id='line_1_5' title="bbox 193 383 1729 439; baseline -0.001 -13"><span class='ocrx_word' id='word_1_26' title='bbox 193 385 437 426; x_wconf 67' lang='lat' dir='ltr'><strong>excudenda</strong></span> <span class='ocrx_word' id='word_1_27' title='bbox 476 384 640 438; x_wconf 86' lang='lat' dir='ltr'><strong>curaui,</strong></span> <span class='ocrx_word' id='word_1_28' title='bbox 680 398 787 438; x_wconf 76' lang='lat' dir='ltr'><strong>quae</strong></span> <span class='ocrx_word' id='word_1_29' title='bbox 828 383 931 437; x_wconf 85' lang='lat' dir='ltr'><strong>quin</strong></span> <span class='ocrx_word' id='word_1_30' title='bbox 970 386 1017 424; x_wconf 89' lang='lat' dir='ltr'><strong>ut</strong></span> <span class='ocrx_word' id='word_1_31' title='bbox 1056 383 1139 424; x_wconf 87' lang='lat' dir='ltr'><strong>alia</strong></span> <span class='ocrx_word' id='word_1_32' title='bbox 1171 383 1425 424; x_wconf 87' lang='lat' dir='ltr'><strong>nominatim</strong></span> <span class='ocrx_word' id='word_1_33' title='bbox 1457 383 1729 439; x_wconf 71' lang='lat' dir='ltr'><strong>Augustinus</strong></span> 
     </span>
     <span class='ocr_line' id='line_1_6' title="bbox 193 447 1729 503; baseline -0.001 -12"><span class='ocrx_word' id='word_1_34' title='bbox 193 466 242 491; x_wconf 81' lang='lat' dir='ltr'><strong>ex</strong></span> <span class='ocrx_word' id='word_1_35' title='bbox 269 450 474 491; x_wconf 62' lang='lat' dir='ltr'><strong>Varronis</strong></span> <span class='ocrx_word' id='word_1_36' title='bbox 502 450 551 490; x_wconf 84' lang='lat' dir='ltr'><strong>de</strong></span> <span class='ocrx_word' id='word_1_37' title='bbox 580 452 708 503; x_wconf 88' lang='lat' dir='ltr'><strong>gente</strong></span> <span class='ocrx_word' id='word_1_38' title='bbox 735 448 883 503; x_wconf 91' lang='lat' dir='ltr'><strong>populi</strong></span> <span class='ocrx_word' id='word_1_39' title='bbox 904 448 1087 490; x_wconf 88' lang='lat' dir='ltr'><strong>Romani</strong></span> <span class='ocrx_word' id='word_1_40' title='bbox 1115 447 1239 489; x_wconf 88' lang='lat' dir='ltr'><strong>libris</strong></span> <span class='ocrx_word' id='word_1_41' title='bbox 1268 448 1310 489; x_wconf 92' lang='lat' dir='ltr'><strong>in</strong></span> <span class='ocrx_word' id='word_1_42' title='bbox 1338 463 1438 489; x_wconf 84' lang='lat' dir='ltr'><strong>suos</strong></span> <span class='ocrx_word' id='word_1_43' title='bbox 1471 449 1521 489; x_wconf 85' lang='lat' dir='ltr'><strong>de</strong></span> <span class='ocrx_word' id='word_1_44' title='bbox 1554 449 1729 490; x_wconf 87' lang='lat' dir='ltr'><strong>ciuitate</strong></span> 
     </span>
     <span class='ocr_line' id='line_1_7' title="bbox 194 512 1728 570; baseline -0.001 -14"><span class='ocrx_word' id='word_1_45' title='bbox 194 516 258 556; x_wconf 88' lang='lat' dir='ltr'><strong>dei</strong></span> <span class='ocrx_word' id='word_1_46' title='bbox 293 515 466 556; x_wconf 79' lang='lat' dir='ltr'><strong>nomine</strong></span> <span class='ocrx_word' id='word_1_47' title='bbox 500 515 657 555; x_wconf 88' lang='lat' dir='ltr'><strong>omisso</strong></span> <span class='ocrx_word' id='word_1_48' title='bbox 691 513 1000 568; x_wconf 70' lang='lat' dir='ltr'><strong>transtulisset,</strong></span> <span class='ocrx_word' id='word_1_49' title='bbox 1034 516 1107 554; x_wconf 90' lang='lat' dir='ltr'><strong>aut</strong></span> <span class='ocrx_word' id='word_1_50' title='bbox 1141 512 1302 554; x_wconf 79' lang='lat' dir='ltr'><strong>Gellius</strong></span> <span class='ocrx_word' id='word_1_51' title='bbox 1335 528 1385 555; x_wconf 82' lang='lat' dir='ltr'><strong>ex</strong></span> <span class='ocrx_word' id='word_1_52' title='bbox 1420 513 1560 568; x_wconf 90' lang='lat' dir='ltr'><strong>Oppio</strong></span> <span class='ocrx_word' id='word_1_53' title='bbox 1593 513 1728 570; x_wconf 87' lang='lat' dir='ltr'><strong>Hygi-</strong></span> 
     </span>
     <span class='ocr_line' id='line_1_8' title="bbox 192 579 1732 634; baseline -0.001 -13"><span class='ocrx_word' id='word_1_54' title='bbox 192 595 334 634; x_wconf 75' lang='lat' dir='ltr'><strong>noque</strong></span> <span class='ocrx_word' id='word_1_55' title='bbox 362 579 551 620; x_wconf 79' lang='lat' dir='ltr'><strong>dubitari</strong></span> <span class='ocrx_word' id='word_1_56' title='bbox 579 594 663 620; x_wconf 90' lang='lat' dir='ltr'><strong>non</strong></span> <span class='ocrx_word' id='word_1_57' title='bbox 691 582 847 633; x_wconf 85' lang='lat' dir='ltr'><strong>posset.</strong></span> <span class='ocrx_word' id='word_1_58' title='bbox 894 582 986 619; x_wconf 89' lang='lat' dir='ltr'><strong>tum</strong></span> <span class='ocrx_word' id='word_1_59' title='bbox 1014 579 1128 620; x_wconf 88' lang='lat' dir='ltr'><strong>uitae</strong></span> <span class='ocrx_word' id='word_1_60' title='bbox 1160 579 1389 633; x_wconf 78' lang='lat' dir='ltr'><strong>scriptores</strong></span> <span class='ocrx_word' id='word_1_61' title='bbox 1422 579 1566 620; x_wconf 81' lang='lat' dir='ltr'><strong>deesse</strong></span> <span class='ocrx_word' id='word_1_62' title='bbox 1598 579 1732 633; x_wconf 87' lang='lat' dir='ltr'><strong>nolui,</strong></span> 
     </span>
     <span class='ocr_line' id='line_1_9' title="bbox 194 643 1729 699; baseline -0.001 -13"><span class='ocrx_word' id='word_1_63' title='bbox 194 646 273 686; x_wconf 67' lang='lat' dir='ltr'><strong>etsi</strong></span> <span class='ocrx_word' id='word_1_64' title='bbox 302 645 469 685; x_wconf 77' lang='lat' dir='ltr'><strong>diuersa</strong></span> <span class='ocrx_word' id='word_1_65' title='bbox 498 660 569 686; x_wconf 80' lang='lat' dir='ltr'><strong>eos</strong></span> <span class='ocrx_word' id='word_1_66' title='bbox 597 647 814 698; x_wconf 80' lang='lat' dir='ltr'><strong>spectasse</strong></span> <span class='ocrx_word' id='word_1_67' title='bbox 842 644 1099 699; x_wconf 89' lang='lat' dir='ltr'><strong>multosque,</strong></span> <span class='ocrx_word' id='word_1_68' title='bbox 1127 644 1312 685; x_wconf 80' lang='lat' dir='ltr'><strong>maxime</strong></span> <span class='ocrx_word' id='word_1_69' title='bbox 1339 647 1479 685; x_wconf 85' lang='lat' dir='ltr'><strong>aetate</strong></span> <span class='ocrx_word' id='word_1_70' title='bbox 1506 643 1729 686; x_wconf 82' lang='lat' dir='ltr'><strong>inferiores</strong></span> 
     </span>
     <span class='ocr_line' id='line_1_10' title="bbox 194 709 1731 766; baseline -0.001 -15"><span class='ocrx_word' id='word_1_71' title='bbox 194 711 322 766; x_wconf 86' lang='lat' dir='ltr'><strong>nugis</strong></span> <span class='ocrx_word' id='word_1_72' title='bbox 361 710 639 764; x_wconf 87' lang='lat' dir='ltr'><strong>minutiisque</strong></span> <span class='ocrx_word' id='word_1_73' title='bbox 678 709 908 763; x_wconf 86' lang='lat' dir='ltr'><strong>abundare,</strong></span> <span class='ocrx_word' id='word_1_74' title='bbox 944 724 1084 750; x_wconf 83' lang='lat' dir='ltr'><strong>carere</strong></span> <span class='ocrx_word' id='word_1_75' title='bbox 1116 710 1212 765; x_wconf 86' lang='lat' dir='ltr'><strong>fide,</strong></span> <span class='ocrx_word' id='word_1_76' title='bbox 1246 710 1450 764; x_wconf 88' lang='lat' dir='ltr'><strong>quosdam</strong></span> <span class='ocrx_word' id='word_1_77' title='bbox 1485 709 1611 750; x_wconf 86' lang='lat' dir='ltr'><strong>etiam</strong></span> <span class='ocrx_word' id='word_1_78' title='bbox 1646 724 1731 750; x_wconf 91' lang='lat' dir='ltr'><strong>ser—</strong></span> 
     </span>
     <span class='ocr_line' id='line_1_11' title="bbox 195 774 1731 830; baseline 0 -14"><span class='ocrx_word' id='word_1_79' title='bbox 195 791 318 816; x_wconf 86' lang='lat' dir='ltr'><strong>mone</strong></span> <span class='ocrx_word' id='word_1_80' title='bbox 365 774 522 816; x_wconf 80' lang='lat' dir='ltr'><strong>Graeco</strong></span> <span class='ocrx_word' id='word_1_81' title='bbox 569 790 668 816; x_wconf 90' lang='lat' dir='ltr'><strong>usos</strong></span> <span class='ocrx_word' id='word_1_82' title='bbox 714 789 805 815; x_wconf 87' lang='lat' dir='ltr'><strong>esse</strong></span> <span class='ocrx_word' id='word_1_83' title='bbox 850 774 986 815; x_wconf 87' lang='lat' dir='ltr'><strong>uideri</strong></span> <span class='ocrx_word' id='word_1_84' title='bbox 1030 790 1117 815; x_wconf 88' lang='grc'>11011</span> <span class='ocrx_word' id='word_1_85' title='bbox 1162 775 1324 830; x_wconf 87' lang='lat' dir='ltr'><strong>ignoro.</strong></span> <span class='ocrx_word' id='word_1_86' title='bbox 1376 778 1525 816; x_wconf 85' lang='lat' dir='ltr'><strong>contra</strong></span> <span class='ocrx_word' id='word_1_87' title='bbox 1569 775 1731 816; x_wconf 80' lang='lat' dir='ltr'><strong>exclusi</strong></span> 
     </span>
     <span class='ocr_line' id='line_1_12' title="bbox 197 839 1729 895; baseline -0.001 -13"><span class='ocrx_word' id='word_1_88' title='bbox 197 840 370 882; x_wconf 86' lang='lat' dir='ltr'><strong>Granii</strong></span> <span class='ocrx_word' id='word_1_89' title='bbox 405 839 663 881; x_wconf 86' lang='lat' dir='ltr'><strong>Liciniani</strong></span> <span class='ocrx_word' id='word_1_90' title='bbox 697 842 955 895; x_wconf 80' lang='lat' dir='ltr'><strong>fragmenta,</strong></span> <span class='ocrx_word' id='word_1_91' title='bbox 993 840 1042 881; x_wconf 89' lang='lat' dir='ltr'><strong>de</strong></span> <span class='ocrx_word' id='word_1_92' title='bbox 1076 839 1235 894; x_wconf 89' lang='lat' dir='ltr'><strong>quibus</strong></span> <span class='ocrx_word' id='word_1_93' title='bbox 1267 840 1525 894; x_wconf 87' lang='lat' dir='ltr'><strong>recipiendis</strong></span> <span class='ocrx_word' id='word_1_94' title='bbox 1559 843 1601 881; x_wconf 91' lang='lat' dir='ltr'><strong>et</strong></span> <span class='ocrx_word' id='word_1_95' title='bbox 1634 855 1729 881; x_wconf 89' lang='lat' dir='ltr'><strong>cum</strong></span> 
     </span>
     <span class='ocr_line' id='line_1_13' title="bbox 199 904 1731 960; baseline -0.001 -13"><span class='ocrx_word' id='word_1_96' title='bbox 199 905 468 947; x_wconf 71' lang='lat' dir='ltr'><strong>Francisco</strong></span> <span class='ocrx_word' id='word_1_97' title='bbox 502 905 819 946; x_wconf 87' lang='lat' dir='ltr'><strong>Buechelero</strong></span> <span class='ocrx_word' id='word_1_98' title='bbox 853 905 988 946; x_wconf 88' lang='lat' dir='ltr'><strong>amico</strong></span> <span class='ocrx_word' id='word_1_99' title='bbox 1021 905 1303 946; x_wconf 77' lang='lat' dir='ltr'><strong>retractandis</strong></span> <span class='ocrx_word' id='word_1_100' title='bbox 1330 905 1402 946; x_wconf 90' lang='lat' dir='ltr'><strong>diu</strong></span> <span class='ocrx_word' id='word_1_101' title='bbox 1429 904 1731 960; x_wconf 88' lang='lat' dir='ltr'><strong>cogitaueram.</strong></span> 
     </span>
     <span class='ocr_line' id='line_1_14' title="bbox 197 969 1729 1027; baseline 0 -15"><span class='ocrx_word' id='word_1_102' title='bbox 197 971 423 1025; x_wconf 85' lang='lat' dir='ltr'><strong>occupauit</strong></span> <span class='ocrx_word' id='word_1_103' title='bbox 461 986 598 1011; x_wconf 89' lang='lat' dir='ltr'><strong>meam</strong></span> <span class='ocrx_word' id='word_1_104' title='bbox 642 985 814 1024; x_wconf 82' lang='lat' dir='ltr'><strong>operam</strong></span> <span class='ocrx_word' id='word_1_105' title='bbox 848 970 903 1011; x_wconf 91' lang='lat' dir='ltr'><strong>M.</strong></span> <span class='ocrx_word' id='word_1_106' title='bbox 931 970 1145 1011; x_wconf 81' lang='lat' dir='ltr'><strong>Flemisch</strong></span> <span class='ocrx_word' id='word_1_107' title='bbox 1178 970 1234 1027; x_wconf 77' lang='lat' dir='ltr'><strong>(a.</strong></span> <span class='ocrx_word' id='word_1_108' title='bbox 1264 969 1410 1027; x_wconf 79' lang='lat'><strong>1904),</strong></span> <span class='ocrx_word' id='word_1_109' title='bbox 1444 970 1516 1024; x_wconf 91' lang='lat' dir='ltr'><strong>qui</strong></span> <span class='ocrx_word' id='word_1_110' title='bbox 1552 973 1656 1011; x_wconf 87' lang='lat' dir='ltr'><strong>item</strong></span> <span class='ocrx_word' id='word_1_111' title='bbox 1689 970 1729 1012; x_wconf 89' lang='lat' dir='ltr'><strong>id</strong></span> 
     </span>
     <span class='ocr_line' id='line_1_15' title="bbox 198 1035 1728 1091; baseline 0 -15"><span class='ocrx_word' id='word_1_112' title='bbox 198 1036 469 1091; x_wconf 83' lang='lat' dir='ltr'><strong>potissimum</strong></span> <span class='ocrx_word' id='word_1_113' title='bbox 514 1036 615 1091; x_wconf 88' lang='lat' dir='ltr'><strong>egit,</strong></span> <span class='ocrx_word' id='word_1_114' title='bbox 655 1038 702 1076; x_wconf 90' lang='lat' dir='ltr'><strong>ut</strong></span> <span class='ocrx_word' id='word_1_115' title='bbox 741 1036 870 1076; x_wconf 83' lang='lat' dir='ltr'><strong>rebus</strong></span> <span class='ocrx_word' id='word_1_116' title='bbox 905 1035 1135 1090; x_wconf 79' lang='lat' dir='ltr'><strong>explicatis</strong></span> <span class='ocrx_word' id='word_1_117' title='bbox 1173 1036 1510 1091; x_wconf 81' lang='lat' dir='ltr'><strong>fragmentorum</strong></span> <span class='ocrx_word' id='word_1_118' title='bbox 1545 1035 1728 1090; x_wconf 88' lang='lat' dir='ltr'><strong>pretium</strong></span> 
     </span>
     <span class='ocr_line' id='line_1_16' title="bbox 197 1101 1733 1157; baseline 0 -15"><span class='ocrx_word' id='word_1_119' title='bbox 197 1105 438 1157; x_wconf 79' lang='lat' dir='ltr'><strong>augeretur.</strong></span> <span class='ocrx_word' id='word_1_120' title='bbox 496 1117 594 1142; x_wconf 88' lang='lat' dir='ltr'><strong>nam</strong></span> <span class='ocrx_word' id='word_1_121' title='bbox 635 1101 684 1142; x_wconf 90' lang='lat' dir='ltr'><strong>de</strong></span> <span class='ocrx_word' id='word_1_122' title='bbox 724 1101 1087 1142; x_wconf 86' lang='lat' dir='ltr'><strong>emendatioribus</strong></span> <span class='ocrx_word' id='word_1_123' title='bbox 1129 1116 1180 1142; x_wconf 80' lang='lat' dir='ltr'><strong>ex</strong></span> <span class='ocrx_word' id='word_1_124' title='bbox 1218 1101 1357 1142; x_wconf 87' lang='lat' dir='ltr'><strong>lacero</strong></span> <span class='ocrx_word' id='word_1_125' title='bbox 1397 1101 1539 1142; x_wconf 89' lang='lat' dir='ltr'><strong>codice</strong></span> <span class='ocrx_word' id='word_1_126' title='bbox 1577 1101 1733 1142; x_wconf 87' lang='lat' dir='ltr'><strong>Londi-</strong></span> 
     </span>
     <span class='ocr_line' id='line_1_17' title="bbox 196 1166 1732 1221; baseline -0.001 -13"><span class='ocrx_word' id='word_1_127' title='bbox 196 1167 317 1208; x_wconf 85' lang='lat' dir='ltr'><strong>nensi</strong></span> <span class='ocrx_word' id='word_1_128' title='bbox 353 1167 570 1208; x_wconf 84' lang='lat' dir='ltr'><strong>eliciendis</strong></span> <span class='ocrx_word' id='word_1_129' title='bbox 604 1166 830 1220; x_wconf 81' lang='lat' dir='ltr'><strong>scripturis</strong></span> <span class='ocrx_word' id='word_1_130' title='bbox 868 1166 1179 1221; x_wconf 87' lang='lat' dir='ltr'><strong>desperandum</strong></span> <span class='ocrx_word' id='word_1_131' title='bbox 1213 1181 1303 1207; x_wconf 89' lang='lat' dir='ltr'><strong>esse</strong></span> <span class='ocrx_word' id='word_1_132' title='bbox 1336 1166 1484 1208; x_wconf 89' lang='lat' dir='ltr'><strong>multis</strong></span> <span class='ocrx_word' id='word_1_133' title='bbox 1516 1181 1568 1207; x_wconf 89' lang='lat' dir='ltr'><strong>ex</strong></span> <span class='ocrx_word' id='word_1_134' title='bbox 1602 1166 1732 1220; x_wconf 87' lang='lat' dir='ltr'><strong>parti-</strong></span> 
     </span>
     <span class='ocr_line' id='line_1_18' title="bbox 198 1231 1734 1287; baseline -0.001 -14"><span class='ocrx_word' id='word_1_135' title='bbox 198 1233 279 1273; x_wconf 85' lang='lat' dir='ltr'><strong>bus</strong></span> <span class='ocrx_word' id='word_1_136' title='bbox 312 1231 467 1273; x_wconf 87' lang='lat' dir='ltr'><strong>certior</strong></span> <span class='ocrx_word' id='word_1_137' title='bbox 494 1234 632 1273; x_wconf 83' lang='lat' dir='ltr'><strong>factus</strong></span> <span class='ocrx_word' id='word_1_138' title='bbox 660 1246 785 1273; x_wconf 88' lang='lat' dir='ltr'><strong>eram.</strong></span> <span class='ocrx_word' id='word_1_139' title='bbox 837 1231 1049 1286; x_wconf 89' lang='lat' dir='ltr'><strong>Pompei</strong></span> <span class='ocrx_word' id='word_1_140' title='bbox 1083 1235 1226 1273; x_wconf 88' lang='lat' dir='ltr'><strong>autem</strong></span> <span class='ocrx_word' id='word_1_141' title='bbox 1259 1231 1413 1287; x_wconf 83' lang='lat' dir='ltr'><strong>Trogi</strong></span> <span class='ocrx_word' id='word_1_142' title='bbox 1447 1246 1554 1286; x_wconf 90' lang='lat' dir='ltr'><strong>quae</strong></span> <span class='ocrx_word' id='word_1_143' title='bbox 1587 1246 1734 1286; x_wconf 88' lang='lat' dir='ltr'><strong>super-</strong></span> 
     </span>
     <span class='ocr_line' id='line_1_19' title="bbox 198 1296 1734 1353; baseline -0.001 -15"><span class='ocrx_word' id='word_1_144' title='bbox 198 1301 298 1338; x_wconf 87' lang='lat' dir='ltr'><strong>sunt</strong></span> <span class='ocrx_word' id='word_1_145' title='bbox 330 1312 426 1338; x_wconf 91' lang='lat' dir='ltr'><strong>cum</strong></span> <span class='ocrx_word' id='word_1_146' title='bbox 460 1297 551 1338; x_wconf 90' lang='lat' dir='ltr'><strong>eius</strong></span> <span class='ocrx_word' id='word_1_147' title='bbox 583 1296 826 1338; x_wconf 84' lang='lat' dir='ltr'><strong>breuiatore</strong></span> <span class='ocrx_word' id='word_1_148' title='bbox 861 1297 1064 1353; x_wconf 89' lang='lat' dir='ltr'><strong>coniungi</strong></span> <span class='ocrx_word' id='word_1_149' title='bbox 1104 1297 1256 1351; x_wconf 77' lang='lat' dir='ltr'><strong>solent,</strong></span> <span class='ocrx_word' id='word_1_150' title='bbox 1295 1300 1342 1338; x_wconf 93' lang='lat' dir='ltr'><strong>ut</strong></span> <span class='ocrx_word' id='word_1_151' title='bbox 1380 1297 1471 1351; x_wconf 88' lang='lat' dir='ltr'><strong>ipse</strong></span> <span class='ocrx_word' id='word_1_152' title='bbox 1510 1297 1547 1337; x_wconf 91' lang='lat' dir='ltr'><strong>ei</strong></span> <span class='ocrx_word' id='word_1_153' title='bbox 1581 1311 1734 1351; x_wconf 84' lang='lat' dir='ltr'><strong>operae</strong></span> 
     </span>
     <span class='ocr_line' id='line_1_20' title="bbox 199 1362 1733 1417; baseline -0.001 -14"><span class='ocrx_word' id='word_1_154' title='bbox 199 1366 424 1417; x_wconf 77' lang='lat' dir='ltr'><strong>cartaeque</strong></span> <span class='ocrx_word' id='word_1_155' title='bbox 469 1362 753 1416; x_wconf 76' lang='lat' dir='ltr'><strong>pepercerim,</strong></span> <span class='ocrx_word' id='word_1_156' title='bbox 793 1362 1046 1416; x_wconf 84' lang='lat' dir='ltr'><strong>praesertim</strong></span> <span class='ocrx_word' id='word_1_157' title='bbox 1087 1377 1182 1403; x_wconf 92' lang='lat' dir='ltr'><strong>cum</strong></span> <span class='ocrx_word' id='word_1_158' title='bbox 1221 1362 1329 1403; x_wconf 88' lang='lat' dir='ltr'><strong>nihil</strong></span> <span class='ocrx_word' id='word_1_159' title='bbox 1367 1377 1417 1403; x_wconf 80' lang='lat' dir='ltr'><strong>ex</strong></span> <span class='ocrx_word' id='word_1_160' title='bbox 1457 1362 1543 1403; x_wconf 89' lang='lat' dir='ltr'><strong>illis</strong></span> <span class='ocrx_word' id='word_1_161' title='bbox 1582 1362 1634 1402; x_wconf 87' lang='lat' dir='ltr'><strong>ad</strong></span> <span class='ocrx_word' id='word_1_162' title='bbox 1666 1376 1733 1403; x_wconf 75' lang='lat' dir='ltr'><strong>res</strong></span> 
     </span>
     <span class='ocr_line' id='line_1_21' title="bbox 199 1427 675 1482; baseline -0.002 -13"><span class='ocrx_word' id='word_1_163' title='bbox 199 1428 414 1469; x_wconf 82' lang='lat' dir='ltr'><strong>Romanas</strong></span> <span class='ocrx_word' id='word_1_164' title='bbox 447 1427 675 1482; x_wconf 88' lang='lat' dir='ltr'><strong>pertineat.</strong></span> 
     </span>
    </p>

    <p class='ocr_par' dir='ltr' id='par_1_3' title="bbox 201 1492 1737 2135">
     <span class='ocr_line' id='line_1_22' title="bbox 319 1492 1734 1548; baseline -0.001 -15"><span class='ocrx_word' id='word_1_165' title='bbox 319 1492 502 1534; x_wconf 81' lang='lat' dir='ltr'><strong>Substiti</strong></span> <span class='ocrx_word' id='word_1_166' title='bbox 553 1493 681 1534; x_wconf 89' lang='lat' dir='ltr'><strong>etiam</strong></span> <span class='ocrx_word' id='word_1_167' title='bbox 738 1507 852 1533; x_wconf 88' lang='lat' dir='ltr'><strong>nunc</strong></span> <span class='ocrx_word' id='word_1_168' title='bbox 909 1493 951 1533; x_wconf 90' lang='lat' dir='ltr'><strong>in</strong></span> <span class='ocrx_word' id='word_1_169' title='bbox 1008 1493 1262 1548; x_wconf 70' lang='lat' dir='ltr'><strong>fragmentis</strong></span> <span class='ocrx_word' id='word_1_170' title='bbox 1318 1492 1571 1548; x_wconf 80' lang='lat' dir='ltr'><strong>colligendis</strong></span> <span class='ocrx_word' id='word_1_171' title='bbox 1621 1492 1734 1532; x_wconf 87' lang='lat' dir='ltr'><strong>intra</strong></span> 
     </span>
     <span class='ocr_line' id='line_1_23' title="bbox 202 1558 1736 1613; baseline -0.001 -14"><span class='ocrx_word' id='word_1_172' title='bbox 202 1558 472 1600; x_wconf 81' lang='lat' dir='ltr'><strong>Constantini</strong></span> <span class='ocrx_word' id='word_1_173' title='bbox 505 1558 652 1613; x_wconf 90' lang='lat' dir='ltr'><strong>Magni</strong></span> <span class='ocrx_word' id='word_1_174' title='bbox 686 1558 928 1613; x_wconf 86' lang='lat' dir='ltr'><strong>imperium,</strong></span> <span class='ocrx_word' id='word_1_175' title='bbox 961 1559 1074 1599; x_wconf 90' lang='lat' dir='ltr'><strong>ultra</strong></span> <span class='ocrx_word' id='word_1_176' title='bbox 1107 1558 1221 1612; x_wconf 89' lang='lat' dir='ltr'><strong>quod</strong></span> <span class='ocrx_word' id='word_1_177' title='bbox 1253 1563 1425 1612; x_wconf 88' lang='lat' dir='ltr'><strong>praeter</strong></span> <span class='ocrx_word' id='word_1_178' title='bbox 1457 1572 1614 1612; x_wconf 85' lang='lat' dir='ltr'><strong>paucos</strong></span> <span class='ocrx_word' id='word_1_179' title='bbox 1647 1571 1736 1598; x_wconf 87' lang='lat' dir='ltr'><strong>eos-</strong></span> 
     </span>
     <span class='ocr_line' id='line_1_24' title="bbox 201 1622 1735 1678; baseline -0.001 -13"><span class='ocrx_word' id='word_1_180' title='bbox 201 1638 281 1678; x_wconf 87' lang='lat' dir='ltr'><strong>que</strong></span> <span class='ocrx_word' id='word_1_181' title='bbox 321 1623 588 1678; x_wconf 77' lang='lat' dir='ltr'><strong>superstites,</strong></span> <span class='ocrx_word' id='word_1_182' title='bbox 627 1624 700 1677; x_wconf 87' lang='lat' dir='ltr'><strong>qui</strong></span> <span class='ocrx_word' id='word_1_183' title='bbox 738 1639 846 1678; x_wconf 80' lang='lat' dir='ltr'><strong>quae</strong></span> <span class='ocrx_word' id='word_1_184' title='bbox 886 1623 958 1664; x_wconf 90' lang='lat' dir='ltr'><strong>alii</strong></span> <span class='ocrx_word' id='word_1_185' title='bbox 992 1624 1276 1678; x_wconf 89' lang='lat' dir='ltr'><strong>scripsissent,</strong></span> <span class='ocrx_word' id='word_1_186' title='bbox 1309 1624 1354 1665; x_wconf 89' lang='lat' dir='ltr'><strong>in</strong></span> <span class='ocrx_word' id='word_1_187' title='bbox 1387 1623 1597 1677; x_wconf 85' lang='lat' dir='ltr'><strong>epitomas</strong></span> <span class='ocrx_word' id='word_1_188' title='bbox 1630 1622 1735 1663; x_wconf 88' lang='lat' dir='ltr'><strong>redi-</strong></span> 
     </span>
     <span class='ocr_line' id='line_1_25' title="bbox 201 1688 1737 1744; baseline -0.001 -15"><span class='ocrx_word' id='word_1_189' title='bbox 201 1692 351 1744; x_wconf 89' lang='lat' dir='ltr'><strong>gerent</strong></span> <span class='ocrx_word' id='word_1_190' title='bbox 395 1704 546 1743; x_wconf 89' lang='lat' dir='ltr'><strong>resque</strong></span> <span class='ocrx_word' id='word_1_191' title='bbox 591 1689 770 1730; x_wconf 85' lang='lat' dir='ltr'><strong>traditas</strong></span> <span class='ocrx_word' id='word_1_192' title='bbox 816 1704 949 1744; x_wconf 89' lang='lat' dir='ltr'><strong>usque</strong></span> <span class='ocrx_word' id='word_1_193' title='bbox 994 1690 1047 1730; x_wconf 88' lang='lat' dir='ltr'><strong>ad</strong></span> <span class='ocrx_word' id='word_1_194' title='bbox 1086 1704 1206 1731; x_wconf 92' lang='lat' dir='ltr'><strong>suam</strong></span> <span class='ocrx_word' id='word_1_195' title='bbox 1245 1692 1428 1730; x_wconf 86' lang='lat' dir='ltr'><strong>aetatem</strong></span> <span class='ocrx_word' id='word_1_196' title='bbox 1470 1688 1737 1742; x_wconf 88' lang='lat' dir='ltr'><strong>supplerent,</strong></span> 
     </span>
     <span class='ocr_line' id='line_1_26' title="bbox 203 1753 1734 1810; baseline -0.001 -16"><span class='ocrx_word' id='word_1_197' title='bbox 203 1754 340 1795; x_wconf 88' lang='lat' dir='ltr'><strong>omnis</strong></span> <span class='ocrx_word' id='word_1_198' title='bbox 374 1753 554 1795; x_wconf 88' lang='lat' dir='ltr'><strong>historia</strong></span> <span class='ocrx_word' id='word_1_199' title='bbox 587 1755 639 1795; x_wconf 87' lang='lat' dir='ltr'><strong>ad</strong></span> <span class='ocrx_word' id='word_1_200' title='bbox 671 1754 928 1796; x_wconf 88' lang='lat' dir='ltr'><strong>christianos</strong></span> <span class='ocrx_word' id='word_1_201' title='bbox 962 1754 1229 1809; x_wconf 82' lang='lat' dir='ltr'><strong>Graecosque</strong></span> <span class='ocrx_word' id='word_1_202' title='bbox 1262 1754 1478 1810; x_wconf 84' lang='lat' dir='ltr'><strong>migrauit.</strong></span> <span class='ocrx_word' id='word_1_203' title='bbox 1531 1768 1734 1809; x_wconf 85' lang='lat' dir='ltr'><strong>magnum</strong></span> 
     </span>
     <span class='ocr_line' id='line_1_27' title="bbox 203 1817 1736 1875; baseline 0 -16"><span class='ocrx_word' id='word_1_204' title='bbox 203 1822 345 1860; x_wconf 87' lang='lat' dir='ltr'><strong>tamen</strong></span> <span class='ocrx_word' id='word_1_205' title='bbox 380 1834 588 1860; x_wconf 88' lang='lat' dir='ltr'><strong>annorum</strong></span> <span class='ocrx_word' id='word_1_206' title='bbox 623 1835 849 1861; x_wconf 87' lang='lat' dir='ltr'><strong>numerum</strong></span> <span class='ocrx_word' id='word_1_207' title='bbox 885 1834 1187 1875; x_wconf 82' lang='lat' dir='ltr'><strong>supergressus</strong></span> <span class='ocrx_word' id='word_1_208' title='bbox 1220 1819 1500 1874; x_wconf 82' lang='lat' dir='ltr'><strong>Symmachos</strong></span> <span class='ocrx_word' id='word_1_209' title='bbox 1534 1821 1576 1860; x_wconf 88' lang='lat' dir='ltr'><strong>et</strong></span> <span class='ocrx_word' id='word_1_210' title='bbox 1607 1817 1736 1859; x_wconf 91' lang='lat' dir='ltr'><strong>Nico-</strong></span> 
     </span>
     <span class='ocr_line' id='line_1_28' title="bbox 205 1883 1737 1941; baseline -0.001 -16"><span class='ocrx_word' id='word_1_211' title='bbox 205 1885 376 1925; x_wconf 83' lang='lat' dir='ltr'><strong>machos</strong></span> <span class='ocrx_word' id='word_1_212' title='bbox 410 1899 640 1939; x_wconf 84' lang='lat' dir='ltr'><strong>eorumque</strong></span> <span class='ocrx_word' id='word_1_213' title='bbox 674 1885 825 1941; x_wconf 86' lang='lat' dir='ltr'><strong>socios,</strong></span> <span class='ocrx_word' id='word_1_214' title='bbox 857 1900 1039 1940; x_wconf 89' lang='lat' dir='ltr'><strong>quorum</strong></span> <span class='ocrx_word' id='word_1_215' title='bbox 1072 1885 1116 1926; x_wconf 91' lang='lat' dir='ltr'><strong>in</strong></span> <span class='ocrx_word' id='word_1_216' title='bbox 1147 1885 1311 1926; x_wconf 84' lang='lat' dir='ltr'><strong>familia</strong></span> <span class='ocrx_word' id='word_1_217' title='bbox 1344 1884 1501 1925; x_wconf 89' lang='lat' dir='ltr'><strong>ueteris</strong></span> <span class='ocrx_word' id='word_1_218' title='bbox 1533 1883 1737 1924; x_wconf 85' lang='lat' dir='ltr'><strong>historiae</strong></span> 
     </span>
     <span class='ocr_line' id='line_1_29' title="bbox 205 1949 1736 2005; baseline -0.001 -15"><span class='ocrx_word' id='word_1_219' title='bbox 205 1950 393 1991; x_wconf 85' lang='lat' dir='ltr'><strong>studium</strong></span> <span class='ocrx_word' id='word_1_220' title='bbox 426 1953 469 1991; x_wconf 88' lang='lat' dir='ltr'><strong>et</strong></span> <span class='ocrx_word' id='word_1_221' title='bbox 496 1950 687 1991; x_wconf 88' lang='lat' dir='ltr'><strong>doctrina</strong></span> <span class='ocrx_word' id='word_1_222' title='bbox 720 1950 920 2005; x_wconf 87' lang='lat' dir='ltr'><strong>effloruit,</strong></span> <span class='ocrx_word' id='word_1_223' title='bbox 952 1950 1113 2005; x_wconf 87' lang='lat' dir='ltr'><strong>addidi,</strong></span> <span class='ocrx_word' id='word_1_224' title='bbox 1147 1950 1225 1991; x_wconf 88' lang='lat' dir='ltr'><strong>etsi</strong></span> <span class='ocrx_word' id='word_1_225' title='bbox 1260 1965 1310 1991; x_wconf 82' lang='lat' dir='ltr'><strong>ex</strong></span> <span class='ocrx_word' id='word_1_226' title='bbox 1351 1949 1551 1991; x_wconf 87' lang='lat' dir='ltr'><strong>omnibus</strong></span> <span class='ocrx_word' id='word_1_227' title='bbox 1591 1963 1736 1990; x_wconf 86' lang='lat' dir='ltr'><strong>eorum</strong></span> 
     </span>
     <span class='ocr_line' id='line_1_30' title="bbox 205 2013 1737 2071; baseline -0.001 -16"><span class='ocrx_word' id='word_1_228' title='bbox 205 2015 512 2069; x_wconf 85' lang='lat' dir='ltr'><strong>scriptionibus</strong></span> <span class='ocrx_word' id='word_1_229' title='bbox 536 2031 668 2056; x_wconf 87' lang='lat' dir='ltr'><strong>unum</strong></span> <span class='ocrx_word' id='word_1_230' title='bbox 696 2015 917 2058; x_wconf 88' lang='lat' dir='ltr'><strong>christiani</strong></span> <span class='ocrx_word' id='word_1_231' title='bbox 943 2017 1234 2071; x_wconf 81' lang='lat' dir='ltr'><strong>fragmentum</strong></span> <span class='ocrx_word' id='word_1_232' title='bbox 1262 2030 1361 2057; x_wconf 87' lang='lat' dir='ltr'><strong>suae</strong></span> <span class='ocrx_word' id='word_1_233' title='bbox 1387 2014 1485 2056; x_wconf 87' lang='lat' dir='ltr'><strong>fidei</strong></span> <span class='ocrx_word' id='word_1_234' title='bbox 1514 2013 1737 2068; x_wconf 87' lang='lat' dir='ltr'><strong>scriptoris</strong></span> 
     </span>
     <span class='ocr_line' id='line_1_31' title="bbox 206 2081 1122 2135; baseline 0.001 -15"><span class='ocrx_word' id='word_1_235' title='bbox 206 2081 257 2121; x_wconf 82' lang='lat' dir='ltr'><strong>ad</strong></span> <span class='ocrx_word' id='word_1_236' title='bbox 291 2081 590 2134; x_wconf 71' lang='lat' dir='ltr'><strong>posteritatem</strong></span> <span class='ocrx_word' id='word_1_237' title='bbox 623 2081 848 2135; x_wconf 88' lang='lat' dir='ltr'><strong>peruenire</strong></span> <span class='ocrx_word' id='word_1_238' title='bbox 881 2081 1122 2122; x_wconf 87' lang='lat' dir='ltr'><strong>uoluerunt.</strong></span> 
     </span>
    </p>

    <p class='ocr_par' dir='ltr' id='par_1_4' title="bbox 206 2144 1756 2461">
     <span class='ocr_line' id='line_1_32' title="bbox 326 2144 1737 2201; baseline -0.001 -15"><span class='ocrx_word' id='word_1_239' title='bbox 326 2145 456 2186; x_wconf 82' lang='lat' dir='ltr'><strong>Ordo</strong></span> <span class='ocrx_word' id='word_1_240' title='bbox 495 2146 837 2201; x_wconf 83' lang='lat' dir='ltr'><strong>fragmentorum</strong></span> <span class='ocrx_word' id='word_1_241' title='bbox 880 2147 915 2187; x_wconf 86' lang='lat' dir='ltr'><strong>is</strong></span> <span class='ocrx_word' id='word_1_242' title='bbox 954 2148 1030 2200; x_wconf 89' lang='lat' dir='ltr'><strong>est,</strong></span> <span class='ocrx_word' id='word_1_243' title='bbox 1063 2149 1111 2187; x_wconf 90' lang='lat' dir='ltr'><strong>ut</strong></span> <span class='ocrx_word' id='word_1_244' title='bbox 1144 2161 1192 2187; x_wconf 89' lang='lat' dir='ltr'><strong>ea</strong></span> <span class='ocrx_word' id='word_1_245' title='bbox 1224 2160 1331 2200; x_wconf 90' lang='lat' dir='ltr'><strong>quae</strong></span> <span class='ocrx_word' id='word_1_246' title='bbox 1371 2145 1497 2186; x_wconf 86' lang='lat' dir='ltr'><strong>certis</strong></span> <span class='ocrx_word' id='word_1_247' title='bbox 1529 2144 1737 2186; x_wconf 90' lang='lat' dir='ltr'><strong>librorum</strong></span> 
     </span>
     <span class='ocr_line' id='line_1_33' title="bbox 206 2209 1739 2266; baseline -0.001 -15"><span class='ocrx_word' id='word_1_248' title='bbox 206 2210 394 2252; x_wconf 79' lang='lat' dir='ltr'><strong>numeris</strong></span> <span class='ocrx_word' id='word_1_249' title='bbox 437 2210 638 2252; x_wconf 86' lang='lat' dir='ltr'><strong>distincta</strong></span> <span class='ocrx_word' id='word_1_250' title='bbox 677 2214 794 2266; x_wconf 88' lang='lat' dir='ltr'><strong>sunt,</strong></span> <span class='ocrx_word' id='word_1_251' title='bbox 833 2211 869 2251; x_wconf 87' lang='lat' dir='ltr'><strong>si</strong></span> <span class='ocrx_word' id='word_1_252' title='bbox 907 2211 951 2252; x_wconf 90' lang='lat' dir='ltr'><strong>in</strong></span> <span class='ocrx_word' id='word_1_253' title='bbox 989 2226 1131 2252; x_wconf 89' lang='lat' dir='ltr'><strong>rerum</strong></span> <span class='ocrx_word' id='word_1_254' title='bbox 1170 2213 1416 2252; x_wconf 83' lang='lat' dir='ltr'><strong>contextum</strong></span> <span class='ocrx_word' id='word_1_255' title='bbox 1456 2209 1739 2264; x_wconf 86' lang='lat' dir='ltr'><strong>probabiliter</strong></span> 
     </span>
     <span class='ocr_line' id='line_1_34' title="bbox 209 2274 1756 2330; baseline -0.001 -15"><span class='ocrx_word' id='word_1_256' title='bbox 209 2275 343 2329; x_wconf 84' lang='lat' dir='ltr'><strong>redigi</strong></span> <span class='ocrx_word' id='word_1_257' title='bbox 383 2290 468 2316; x_wconf 81' lang='lat' dir='ltr'><strong>non</strong></span> <span class='ocrx_word' id='word_1_258' title='bbox 508 2276 741 2329; x_wconf 86' lang='lat' dir='ltr'><strong>potuerint,</strong></span> <span class='ocrx_word' id='word_1_259' title='bbox 775 2276 947 2317; x_wconf 91' lang='lat' dir='ltr'><strong>initium</strong></span> <span class='ocrx_word' id='word_1_260' title='bbox 981 2276 1152 2330; x_wconf 86' lang='lat' dir='ltr'><strong>faciant,</strong></span> <span class='ocrx_word' id='word_1_261' title='bbox 1185 2278 1326 2317; x_wconf 86' lang='lat' dir='ltr'><strong>cetera</strong></span> <span class='ocrx_word' id='word_1_262' title='bbox 1359 2275 1559 2316; x_wconf 88' lang='lat' dir='ltr'><strong>asterisco</strong></span> <span class='ocrx_word' id='word_1_263' title='bbox 1593 2274 1756 2315; x_wconf 86' lang='lat' dir='ltr'><strong>addito-</strong></span> 
     </span>
     <span class='ocr_line' id='line_1_35' title="bbox 211 2339 1740 2396; baseline 0 -16"><span class='ocrx_word' id='word_1_264' title='bbox 211 2342 277 2381; x_wconf 60' lang='lat' dir='ltr'><strong>uel</strong></span> <span class='ocrx_word' id='word_1_265' title='bbox 310 2355 450 2381; x_wconf 86' lang='lat' dir='ltr'><strong>rerum</strong></span> <span class='ocrx_word' id='word_1_266' title='bbox 483 2344 751 2382; x_wconf 83' lang='lat' dir='ltr'><strong>narratarum</strong></span> <span class='ocrx_word' id='word_1_267' title='bbox 778 2341 1045 2396; x_wconf 89' lang='lat' dir='ltr'><strong>temporibus</strong></span> <span class='ocrx_word' id='word_1_268' title='bbox 1074 2341 1142 2383; x_wconf 88' lang='lat' dir='ltr'><strong>uel</strong></span> <span class='ocrx_word' id='word_1_269' title='bbox 1169 2340 1355 2382; x_wconf 86' lang='lat' dir='ltr'><strong>auctoris</strong></span> <span class='ocrx_word' id='word_1_270' title='bbox 1383 2343 1522 2381; x_wconf 86' lang='lat' dir='ltr'><strong>aetate</strong></span> <span class='ocrx_word' id='word_1_271' title='bbox 1549 2340 1618 2380; x_wconf 91' lang='lat' dir='ltr'><strong>uel</strong></span> <span class='ocrx_word' id='word_1_272' title='bbox 1644 2339 1740 2394; x_wconf 86' lang='lat' dir='ltr'><strong>alia,</strong></span> 
     </span>
     <span class='ocr_line' id='line_1_36' title="bbox 211 2406 1494 2461; baseline 0.001 -16"><span class='ocrx_word' id='word_1_273' title='bbox 211 2421 316 2459; x_wconf 80' lang='lat' dir='ltr'><strong>quae</strong></span> <span class='ocrx_word' id='word_1_274' title='bbox 350 2406 570 2446; x_wconf 81' lang='lat' dir='ltr'><strong>commoda</strong></span> <span class='ocrx_word' id='word_1_275' title='bbox 602 2406 732 2447; x_wconf 86' lang='lat' dir='ltr'><strong>fuerit</strong></span> <span class='ocrx_word' id='word_1_276' title='bbox 766 2421 891 2448; x_wconf 89' lang='lat' dir='ltr'><strong>causa</strong></span> <span class='ocrx_word' id='word_1_277' title='bbox 924 2407 1133 2461; x_wconf 89' lang='lat' dir='ltr'><strong>disposita</strong></span> <span class='ocrx_word' id='word_1_278' title='bbox 1166 2406 1494 2460; x_wconf 86' lang='lat' dir='ltr'><strong>subsequantur.</strong></span> 
     </span>
    </p>

    <p class='ocr_par' dir='ltr' id='par_1_5' title="bbox 212 2470 1741 2786">
     <span class='ocr_line' id='line_1_37' title="bbox 330 2470 1740 2526; baseline 0.001 -16"><span class='ocrx_word' id='word_1_279' title='bbox 330 2470 391 2511; x_wconf 90' lang='lat' dir='ltr'><strong>De</strong></span> <span class='ocrx_word' id='word_1_280' title='bbox 431 2470 489 2511; x_wconf 82' lang='lat' dir='ltr'><strong>eis</strong></span> <span class='ocrx_word' id='word_1_281' title='bbox 528 2472 852 2513; x_wconf 84' lang='lat' dir='ltr'><strong>recensendis</strong></span> <span class='ocrx_word' id='word_1_282' title='bbox 892 2472 1098 2526; x_wconf 85' lang='lat' dir='ltr'><strong>optimam</strong></span> <span class='ocrx_word' id='word_1_283' title='bbox 1140 2486 1352 2526; x_wconf 87' lang='lat' dir='ltr'><strong>quamque</strong></span> <span class='ocrx_word' id='word_1_284' title='bbox 1384 2470 1614 2512; x_wconf 86' lang='lat' dir='ltr'><strong>editionem</strong></span> <span class='ocrx_word' id='word_1_285' title='bbox 1646 2483 1740 2511; x_wconf 86' lang='lat' dir='ltr'><strong>auc—</strong></span> 
     </span>
     <span class='ocr_line' id='line_1_38' title="bbox 212 2535 1741 2591; baseline -0.001 -15"><span class='ocrx_word' id='word_1_286' title='bbox 212 2535 517 2590; x_wconf 80' lang='lat' dir='ltr'><strong>toritatemque</strong></span> <span class='ocrx_word' id='word_1_287' title='bbox 550 2536 633 2577; x_wconf 80' lang='lat' dir='ltr'><strong>adii</strong></span> <span class='ocrx_word' id='word_1_288' title='bbox 661 2540 790 2591; x_wconf 87' lang='lat' dir='ltr'><strong>atque</strong></span> <span class='ocrx_word' id='word_1_289' title='bbox 817 2537 1064 2591; x_wconf 85' lang='lat' dir='ltr'><strong>adparatum</strong></span> <span class='ocrx_word' id='word_1_290' title='bbox 1093 2537 1286 2578; x_wconf 87' lang='lat' dir='ltr'><strong>criticum</strong></span> <span class='ocrx_word' id='word_1_291' title='bbox 1319 2536 1380 2576; x_wconf 90' lang='lat' dir='ltr'><strong>ita</strong></span> <span class='ocrx_word' id='word_1_292' title='bbox 1412 2535 1660 2589; x_wconf 86' lang='lat' dir='ltr'><strong>subscripsi,</strong></span> <span class='ocrx_word' id='word_1_293' title='bbox 1693 2538 1741 2575; x_wconf 91' lang='lat' dir='ltr'><strong>ut</strong></span> 
     </span>
     <span class='ocr_line' id='line_1_39' title="bbox 212 2600 1740 2654; baseline 0.001 -15"><span class='ocrx_word' id='word_1_294' title='bbox 212 2600 317 2641; x_wconf 77' lang='lat' dir='ltr'><strong>alios</strong></span> <span class='ocrx_word' id='word_1_295' title='bbox 350 2600 483 2641; x_wconf 81' lang='lat' dir='ltr'><strong>libros</strong></span> <span class='ocrx_word' id='word_1_296' title='bbox 509 2602 705 2643; x_wconf 89' lang='lat' dir='ltr'><strong>euoluere</strong></span> <span class='ocrx_word' id='word_1_297' title='bbox 731 2618 817 2643; x_wconf 84' lang='lat' dir='ltr'><strong>non</strong></span> <span class='ocrx_word' id='word_1_298' title='bbox 842 2617 1013 2643; x_wconf 88' lang='lat' dir='ltr'><strong>necesse</strong></span> <span class='ocrx_word' id='word_1_299' title='bbox 1041 2605 1161 2644; x_wconf 86' lang='lat' dir='ltr'><strong>essct.</strong></span> <span class='ocrx_word' id='word_1_300' title='bbox 1208 2601 1306 2643; x_wconf 89' lang='lat' dir='ltr'><strong>hinc</strong></span> <span class='ocrx_word' id='word_1_301' title='bbox 1333 2616 1479 2642; x_wconf 86' lang='lat' dir='ltr'><strong>eorum</strong></span> <span class='ocrx_word' id='word_1_302' title='bbox 1507 2614 1740 2654; x_wconf 87' lang='lat' dir='ltr'><strong>paucorum</strong></span> 
     </span>
     <span class='ocr_line' id='line_1_40' title="bbox 212 2664 1739 2721; baseline -0.001 -16"><span class='ocrx_word' id='word_1_303' title='bbox 212 2666 563 2720; x_wconf 82' lang='lat' dir='ltr'><strong>fragmentorum,</strong></span> <span class='ocrx_word' id='word_1_304' title='bbox 617 2682 798 2720; x_wconf 87' lang='lat' dir='ltr'><strong>quorum</strong></span> <span class='ocrx_word' id='word_1_305' title='bbox 850 2667 941 2721; x_wconf 86' lang='lat' dir='ltr'><strong>ipsa</strong></span> <span class='ocrx_word' id='word_1_306' title='bbox 992 2668 1124 2708; x_wconf 80' lang='lat' dir='ltr'><strong>uerba</strong></span> <span class='ocrx_word' id='word_1_307' title='bbox 1177 2670 1346 2707; x_wconf 88' lang='lat' dir='ltr'><strong>seruata</strong></span> <span class='ocrx_word' id='word_1_308' title='bbox 1395 2669 1511 2720; x_wconf 90' lang='lat' dir='ltr'><strong>sunt,</strong></span> <span class='ocrx_word' id='word_1_309' title='bbox 1555 2664 1739 2705; x_wconf 88' lang='lat' dir='ltr'><strong>uarietas</strong></span> 
     </span>
     <span class='ocr_line' id='line_1_41' title="bbox 214 2730 1740 2786; baseline -0.001 -15"><span class='ocrx_word' id='word_1_310' title='bbox 214 2730 449 2783; x_wconf 79' lang='lat' dir='ltr'><strong>scripturae</strong></span> <span class='ocrx_word' id='word_1_311' title='bbox 494 2731 620 2784; x_wconf 81' lang='lat' dir='ltr'><strong>plena</strong></span> <span class='ocrx_word' id='word_1_312' title='bbox 666 2735 835 2785; x_wconf 84' lang='lat' dir='ltr'><strong>praesto</strong></span> <span class='ocrx_word' id='word_1_313' title='bbox 882 2734 957 2786; x_wconf 88' lang='lat' dir='ltr'><strong>est,</strong></span> <span class='ocrx_word' id='word_1_314' title='bbox 1002 2732 1194 2786; x_wconf 88' lang='lat' dir='ltr'><strong>aliorum,</strong></span> <span class='ocrx_word' id='word_1_315' title='bbox 1235 2746 1340 2786; x_wconf 85' lang='lat' dir='ltr'><strong>quae</strong></span> <span class='ocrx_word' id='word_1_316' title='bbox 1377 2730 1550 2772; x_wconf 87' lang='lat' dir='ltr'><strong>nomina</strong></span> <span class='ocrx_word' id='word_1_317' title='bbox 1588 2743 1740 2783; x_wconf 87' lang='lat' dir='ltr'><strong>resque</strong></span> 
     </span>
    </p>
   </div>
  </div>
 </body>
</html>
