1842 3133
565 116 601 153 C.
630 116 817 153 PLINIVS
846 115 1095 153 SECVNDVS
1487 129 1595 162 CLx1

69 224 259 261 Saturnini
296 226 414 261 morte
447 237 478 260 a.
508 226 673 272 56s809).
732 226 784 260 V]
809 228 949 260 84—91
978 225 1109 271 (Nobis
1143 226 1206 271 [de
1241 224 1476 272 Taprobane]
1511 226 1596 259 dili-

68 280 214 324 gentior
239 279 374 314 notitia
401 278 559 322 contigit
584 278 720 323 legatis
747 278 860 313 etiam
888 290 931 312 ex
957 290 1001 314 ea
1026 279 1149 313 insula
1177 279 1354 314 aduectis
1393 279 1430 313 id
1459 279 1595 313 accidit

68 334 137 367 hoc
162 333 288 368 modo:
317 334 354 367 et
380 345 412 376 q.
436 334 495 376 s),
525 335 657 376 1813q.
685 332 744 377 (de
771 332 907 376 Syene:
948 334 1046 367 certe
1073 332 1293 367 solitudines
1320 343 1438 378 nuper
1463 344 1595 367 renun-

68 388 209 421 tiauere
241 385 402 431 principi
435 385 573 420 Neroni
605 385 708 419 missi
742 385 788 420 ab
822 396 863 420 co
896 385 1034 420 milites
1066 386 1295 431 praetoriani
1328 398 1411 420 cum
1445 386 1595 421 tribuno

68 440 116 474 ad
142 439 421 484 explorandum,
448 439 545 473 inter
570 438 714 483 reliqua
740 439 841 473 bella
868 441 905 474 et
930 439 1193 484 Aethiopicum
1220 438 1402 484 cogitanti
1430 442 1466 474 ct
1486 452 1519 484 q.
1536 442 1593 485 s.);

68 496 139 528 184.
159 493 249 528 item
264 493 308 527 de
325 492 459 537 Syene:
478 492 649 537 (Neronis
670 492 923 537 exploratores
943 493 1204 527 renuntiauere
1226 493 1283 527 his
1303 493 1422 527 modis
1445 495 1481 527 ct
1498 502 1594 537 qs).

75 547 176 582 VIII
195 550 265 581 160
292 546 359 590 (De
386 556 563 590 equorum
590 546 767 591 ingeniis:
796 545 927 581 Claudi
955 545 1122 580 Caesaris
1150 546 1398 580 saecularium
1425 546 1595 581 ludorum

68 599 316 645 circensibus).
358 600 421 633 IX
441 602 463 633 9
484 599 663 644 (Tiberio
689 599 850 644 principi
876 598 1068 633 nuntiauit
1095 598 1408 644 Olisiponensium
1437 600 1593 645 legatio’

67 653 112 687 de
138 653 311 688 monstris
337 652 522 698 marinis),
551 655 595 687 14
621 652 689 697 (De
710 663 796 686 orca
815 653 854 686 in
875 652 969 687 ostio
990 652 1166 687 Tiberino
1186 652 1299 698 uisa),
1327 656 1398 687 117
1424 653 1595 699 (Lolliam

66 706 273 750 Paulinam,
300 717 395 750 quae
422 706 495 740 fuit
521 705 589 740 Gai
615 706 795 750 principis
822 708 1004 750 matrona,
1032 727 1074 731 ——
1102 706 1182 740 uidi
1208 706 1417 750 zmaragdis
1450 718 1595 752 marga-

65 759 220 804 ritisque
242 761 410 804 opertam
432 761 469 794 et
488 772 521 804 q.
539 762 591 804 s).
619 760 659 793 X
678 763 698 794 5
720 759 883 804 (adlatus
905 761 961 794 est
981 759 1174 805 [phoenix]
1196 761 1233 793 et
1253 759 1291 793 in
1312 760 1441 794 urbem
1462 760 1594 795 Claudi

66 812 244 858 principis
272 824 436 857 censura,
465 823 562 847 anno
589 812 690 847 urbis
717 825 819 856 nccc,
847 814 884 847 et
903 813 941 846 in
964 812 1114 847 comitio
1134 812 1361 857 propositus,
1382 814 1481 856 quod
1502 814 1595 848 actis

66 868 246 900 testatum
272 868 338 910 est,
367 866 431 900 sed
458 877 567 910 quem
588 866 722 900 falsum
744 877 823 900 esse
843 877 950 900 nemo
972 865 1191 911 dubitaret>3
1223 869 1290 901 124
1318 868 1429 911 (1111110
1449 879 1595 911 (1110(1110

67 922 146 954 erat
172 920 210 953 in
236 919 327 954 urbe
348 920 466 954 Roma
493 920 584 954 haec
610 920 791 964 prodente
817 931 874 954 me
902 919 1038 963 equitis
1060 920 1218 954 Romani
1245 919 1371 955 cornix
1398 932 1416 955 e
1443 921 1597 955 Baetica

65 972 226 1018 primum
252 972 373 1009 colore
400 974 493 1007 mira
521 973 720 1008 admodum
748 973 865 1018 nigro,
899 973 1034 1008 deinde
1060 973 1168 1018 plura
1195 975 1369 1008 contexta
1394 974 1511 1008 uerba
1537 986 1595 1009 ex-

65 1026 227 1071 primens
249 1028 286 1061 et
306 1026 381 1061 alia
402 1028 514 1071 atque
536 1026 611 1061 alia
633 1027 759 1061 crebro
778 1026 998 1072 addiscens).
1028 1028 1095 1062 XI
1112 1030 1180 1061 144
1195 1026 1365 1072 (Claudio
1381 1027 1530 1062 Caesari
1549 1029 1595 1062 ab

67 1079 212 1125 angulis
240 1080 399 1115 candore
426 1091 579 1115 carnoso
607 1080 822 1126 sanguineis
849 1081 953 1115 uenis
982 1080 1139 1114 subinde
1167 1080 1310 1115 subfusi
1338 1081 1480 1127 [oculi]
1502 1080 1594 1116 Gaio

65 1133 225 1178 principi
246 1133 421 1178 rigentes,
448 1133 587 1168 Neroni
605 1136 642 1169 et
662 1146 695 1177 q.
709 1146 735 1168 s.
763 1134 900 1179 uiginti
921 1133 1172 1179 gladiatorum
1192 1134 1300 1179 paria
1318 1135 1355 1168 in
1374 1134 1442 1169 Gai
1459 1135 1594 1180 princi-

65 1187 122 1232 pis
139 1187 227 1221 ludo
245 1186 358 1231 fuere,
374 1187 412 1221 in
429 1187 475 1221 iis
494 1187 565 1221 duo
585 1187 745 1230 omnino,
765 1187 829 1231 qui
847 1189 976 1222 contra
994 1187 1321 1222 comminationem
1340 1188 1505 1232 aliquam
1522 1201 1595 1223 non

67 1241 291 1282 coniuerent,
307 1242 344 1275 et
361 1241 408 1275 ob
426 1241 465 1275 id
482 1241 638 1285 inuicti).
667 1242 780 1276 XIII
791 1244 841 1276 22
855 1241 1039 1286 <Vidimus
1057 1241 1172 1275 etiam
1189 1241 1351 1286 uestigia
1367 1242 1505 1286 pedum
1522 1242 1594 1276 tin-

66 1294 142 1339 gui,
169 1294 269 1338 quod
288 1296 514 1329 monstrasse
535 1295 583 1329 M.
600 1294 783 1329 Othonem
803 1294 942 1329 Neroni
967 1294 1129 1339 principi
1156 1294 1335 1329 ferebant.
1357 1317 1402 1320 —
1428 1306 1496 1330 nec
1522 1308 1594 1330 non

66 1347 229 1392 aliquem
264 1359 307 1382 ex
340 1348 498 1393 priuatis
531 1348 702 1382 audimus
735 1348 885 1382 iussisse
919 1348 1045 1393 spargi
1078 1348 1240 1393 parietes
1275 1348 1494 1383 balnearum
1530 1362 1594 1383 un-

65 1403 203 1446 guento
231 1403 343 1444 atque
371 1401 504 1436 Graium
531 1402 737 1446 principem
764 1402 856 1436 solia
883 1401 1082 1447 temperari
1109 1413 1162 1445 ac,
1184 1413 1229 1435 ne
1256 1402 1464 1448 principale
1492 1403 1594 1438 uide-

67 1456 150 1489 atur
170 1455 239 1489 hoc
259 1455 407 1499 bonum,
429 1457 466 1489 et
484 1457 615 1500 postea
637 1456 823 1499 quendam
844 1466 862 1489 e
884 1455 1000 1490 seruis
1020 1455 1203 1500 Neronis).
1232 1456 1334 1489 XIV
1359 1460 1428 1491 145
1453 1457 1595 1501 (anue

66 1508 387 1543 commendatione
420 1509 609 1543 credidere
636 1509 673 1543 L.
696 1509 867 1543 Pisonem
900 1509 1004 1543 urbis
1038 1520 1147 1543 curae
1181 1509 1227 1543 ab
1255 1520 1297 1543 eo
1324 1509 1505 1556 [Tiberio]
1533 1511 1594 1545 de-

65 1561 213 1606 lectum,
229 1562 328 1606 quod
344 1562 459 1596 biduo
478 1563 696 1606 duabusque
714 1562 886 1597 noctibus
905 1562 1203 1607 perpotationem
1221 1563 1477 1598 continuasset
1495 1565 1594 1608 apud

65 1615 187 1659 ipsum
207 1615 281 1649 iam
301 1615 518 1660 principem.
552 1627 619 1650 nec
640 1615 714 1650 alio
734 1615 853 1660 magis
874 1616 1014 1650 Drusus
1037 1616 1171 1650 Caesar
1190 1627 1427 1661 regenerasse
1448 1620 1592 1662 patrem

65 1667 256 1703 Tiberium
293 1669 492 1703 ferebatur.
556 1670 638 1704 XV
659 1672 706 1704 47
738 1669 784 1713 (S.
813 1669 1006 1714 Papinius,
1044 1680 1154 1713 quem
1193 1671 1380 1704 consulem
1418 1671 1592 1715 uidimus,

64 1721 204 1767 primus
243 1723 399 1766 utraque
433 1722 594 1768 [zizipha
627 1725 664 1757 et
695 1723 864 1769 tubures]
901 1723 1030 1758 attulit
1065 1722 1143 1757 diui
1182 1723 1343 1769 Augusti
1381 1724 1593 1759 nouissimis

65 1775 325 1820 temporibus),
353 1779 401 1811 83
421 1776 559 1821 (onmia
579 1777 670 1811 haec
692 1777 860 1822 [cottana
881 1778 918 1811 et
945 1776 1101 1823 caricas]
1122 1777 1160 1810 in
1181 1777 1342 1812 Albense
1364 1790 1425 1811 rus
1446 1789 1465 1812 e
1488 1778 1595 1822 Syria

65 1829 194 1864 intulit
219 1829 256 1863 L.
279 1829 465 1873 Vitellius,
499 1829 562 1874 (1111
594 1832 726 1875 postea
758 1841 887 1864 censor
911 1830 994 1873 fuit,
1028 1841 1111 1864 cum
1136 1830 1283 1875 legatus
1310 1831 1347 1864 in
1375 1843 1418 1865 ea
1444 1831 1594 1876 prouin-

66 1882 124 1917 cia
150 1885 257 1925 esset,
284 1883 496 1918 nouissimis
523 1883 649 1917 Tiberi
676 1883 844 1918 Caesaris
870 1884 1133 1929 temporibus);
1172 1887 1364 1920 135—137
1390 1885 1594 1930 (Tiberium

65 1935 271 1981 principem
309 1938 463 1971 tonante
503 1936 604 1971 caelo
641 1936 808 1971 coronari
847 1948 891 1972 ea
930 1937 1065 1983 [lauro]
1106 1936 1256 1972 solitum
1297 1938 1422 1972 ferunt
1466 1941 1594 1973 contra

64 1989 262 2023 fulminum
294 1992 426 2025 metus.
473 1992 560 2024 sunt
591 1992 628 2024 et
660 1990 758 2024 circa
791 1990 917 2025 diuom
950 1991 1161 2036 Augustum
1194 1993 1329 2026 euenta
1368 1992 1446 2026 eius
1479 1992 1593 2038 digna

65 2045 282 2078 memoratu.
329 2055 489 2087 namque
516 2046 554 2078 et
580 2055 614 2088 q.
637 2046 688 2089 s).
730 2045 834 2078 XVI
853 2047 949 2079 2-4
975 2046 1075 2089 (sunt
1101 2055 1188 2079 uero
1215 2046 1252 2079 et
1277 2045 1316 2078 in
1342 2045 1593 2090 septentrione

65 2096 168 2131 uisae
200 2096 307 2131 nobis
341 2096 571 2132 Chaucorum
604 2097 667 2141 qui
705 2098 863 2132 maiores
902 2098 1135 2142 minoresque
1169 2099 1407 2143 appellantur
1440 2101 1477 2133 et
1509 2111 1541 2143 q.
1564 2111 1590 2133 S.

66 2149 111 2183 de
135 2161 261 2184 eorum
287 2150 391 2196 uita).
426 2151 554 2185 XVII
576 2155 596 2186 5
623 2151 683 2196 (de
709 2151 813 2187 lotis:
842 2151 1072 2186 durauerunt
1092 2173 1135 2177 —-
1157 2152 1204 2186 ad
1231 2151 1388 2187 Neronis
1414 2153 1592 2197 principis

65 2203 257 2246 incendia,
291 2204 426 2247 quibus
463 2204 643 2239 cremauit
674 2205 820 2249 urbem,
859 2205 966 2240 annis
1000 2218 1114 2239 cmxxx
1146 2207 1276 2250 postea
1315 2206 1417 2240 cultu
1454 2205 1592 2241 uirides

66 2256 316 2303 iuuenesque).
357 2259 508 2292 XVIII
529 2261 574 2293 94
591 2270 639 2303 sq.
668 2258 784 2303 (misit
810 2269 853 2293 ex
879 2270 921 2294 00
948 2259 1028 2294 1000
1056 2259 1232 2305 [Byzacio
1264 2259 1411 2293 Africae
1445 2260 1592 2305 campo]

69 2309 155 2344 diuo
182 2310 351 2355 Augusto
377 2313 595 2355 procurator
621 2311 699 2346 eius
726 2323 769 2346 ex
797 2324 869 2347 uno
897 2323 1013 2358 grano
1035 2312 1181 2358 [tritici]
1204 2325 1289 2346 cccc
1315 2312 1444 2357 paucis
1472 2312 1592 2347 minus

66 2363 245 2408 germina,
267 2365 486 2408 exstantque
509 2364 553 2398 de
575 2375 618 2399 ea
637 2376 676 2399 re
697 2365 890 2410 epistulae.
930 2365 1033 2400 misit
1059 2367 1095 2400 et
1115 2365 1255 2400 Neroni
1283 2365 1455 2400 similiter
1482 2378 1591 2400 cccnx

67 2416 224 2461 stipulas
245 2428 288 2451 ex
309 2428 381 2451 uno
399 2419 539 2463 grano).
567 2419 672 2453 XIX
689 2421 736 2453 24
751 2419 858 2463 (Vela
876 2430 994 2464 nuper
1015 2421 1052 2453 et
1072 2419 1192 2453 colore
1214 2419 1320 2462 caeli,
1343 2419 1505 2461 stellata,
1527 2430 1593 2464 per

65 2470 234 2504 rudentis
254 2469 327 2504 iere
348 2470 462 2505 etiam
482 2470 520 2505 in
547 2472 833 2516 amphitheatris
853 2472 1032 2517 principis
1054 2472 1235 2517 Neronis).
1264 2474 1460 2508 XXXIII
1477 2476 1523 2507 32
1540 2485 1590 2517 sq.

65 2523 220 2567 <Tiberii
246 2523 394 2558 demum
420 2524 634 2569 principatu
661 2536 757 2560 nono
785 2536 880 2560 anno
908 2526 947 2560 in
973 2526 1156 2560 unitatem
1182 2526 1285 2560 uenit
1306 2529 1476 2570 equester
1502 2527 1590 2561 ordo

66 2578 103 2610 et
129 2589 161 2620 q.
185 2578 243 2620 s.>;
271 2580 317 2611 63
343 2577 410 2622 (De
437 2578 667 2622 Agrippinae
693 2579 923 2622 indumento,
950 2581 1025 2614 rwid.
1042 2592 1080 2624 p.
1100 2582 1215 2624 (muz).
1254 2581 1504 2615 XXXV200
1518 2591 1589 2624 sqq.

66 2630 124 2674 (de
151 2629 354 2664 honoribus
380 2630 566 2665 libertinis
594 2632 660 2665 sub
688 2631 842 2667 Claudio
869 2632 1033 2678 habitis).
1092 2634 1280 2668 XXXVI
1301 2635 1373 2668 122
1399 2633 1465 2677 (De
1493 2644 1590 2676 aqua

67 2682 223 2717 Claudia
255 2683 463 2728 emissoque
497 2684 580 2719 lacu
608 2685 776 2730 Fucin0);
812 2688 881 2720 163
909 2685 1067 2730 (Nerone
1093 2686 1260 2731 principe
1287 2687 1325 2720 in
1353 2685 1591 2731 Cappadocia

64 2738 232 2780 repertus
259 2739 315 2772 est
334 2758 379 2763 —
399 2737 607 2782 phengites.
629 2759 671 2763 —
700 2738 769 2773 hoc
796 2741 1052 2774 construxerat
1085 2740 1215 2774 aedem
1247 2740 1444 2783 Fortunae,
1477 2750 1591 2783 quam

68 2789 194 2824 Seiani
232 2789 442 2835 appellant,
476 2793 513 2826 et
539 2803 572 2835 q.
595 2794 647 2837 s).
695 2793 904 2827 XXXVII
925 2796 972 2828 50
1011 2793 1208 2835 (Domitius
1248 2793 1344 2828 Nero
1382 2793 1420 2827 in
1458 2793 1590 2828 ceteris

136 2862 215 2888 Hist.
235 2862 320 2888 Rom.
339 2863 392 2888 rel.
410 2863 451 2896 11,
472 2864 515 2889 ed.
536 2864 654 2889 Peter.
1260 2853 1307 2886 XI
