1842 3133
57 670 80 703 Z
103 673 170 703 429

56 860 78 893 Ζ
102 864 168 894 491

199 159 255 199 5⁸2
789 157 826 191 P.
855 156 1077 190 VOLVMNI
1085 155 1138 190 VS

200 264 350 308 οὖσαν.
402 263 457 319 ἢν
490 266 571 320 γὰρ
606 265 652 306 ἐκ
691 273 779 306 τῶν
805 264 1075 319 Ἑλληνικῶν
1110 265 1330 318 διάθεσις,
1368 268 1732 321 προπεμπόμενος

188 332 357 385 ’Έκτωρ
392 331 476 372 ὑπὸ
509 329 802 385 Ἀνδρομάχης
833 330 1118 384 κομιζομένης
1149 330 1248 385 παρ’
1288 332 1425 373 αὐτοῦ
1458 332 1506 373 τὸ
1538 332 1732 385 παιδίον,

200 398 352 451 ἐκείνῳ
392 397 437 438 δὲ
477 397 851 450 προσβλεπούσης.
905 402 1040 437 ταῦτα
1079 396 1311 450 θεωμένην
1348 398 1428 451 τὴν
1466 398 1668 451 Πορκίαν
1707 397 1732 451 ἡ

198 469 276 504 τοῦ
311 463 487 511 πάθους
514 462 643 502 εἰκὼν
672 461 864 514 ἐξέτηξεν
892 464 953 510 εἰς
980 460 1167 516 δάκρυα·
1202 460 1272 503 καὶ
1298 462 1507 511 πολλάκις
1535 470 1733 517 φοιτῶσα

198 534 274 581 τῆς
316 527 473 582 ἡμέρας
511 525 695 568 ἔκλαιεν.
741 525 935 568 Ἀκιλίου
975 526 1027 568 δέ
1062 543 1182 576 τινος
1220 534 1308 568 τῶν
1348 528 1549 582 Βρούτου
1588 529 1768 582 φίλων5

198 594 248 634 τὰ
283 593 391 647 πρὸς
413 591 599 646 ”Europa
632 599 707 645 τῆς
736 590 1033 646 Ἀνδρομάχης
1066 594 1145 646 ἔπη
1181 593 1440 641 διελθόντος

289 657 481 712 “Έκτορ,
514 657 621 711 ἀτάρ
657 658 712 699 σύ
744 673 819 711 μοι
852 656 946 699 ἐσσὶ
980 659 1119 713 πατὴρ
1153 656 1224 699 καὶ
1256 659 1413 699 πότνια
1445 659 1583 712 μήτηρ

320 722 394 778 ἠδὲ
428 725 704 776 κασίγνητος,
738 725 793 764 σὺ
827 722 879 764 δέ
907 739 980 777 μοι
1014 723 1206 776 θαλερὸς
1237 722 1537 777 παρακοι’της’,

197 790 426 843 μειδιάσας
459 789 481 830 ὁ
516 791 714 841 Βροῦτος
754 787 886 830 ζἈλλ’
925 788 1004 830 οὐκ
1033 788 1132 841 ε’μοί
1161 787 1218 842 γ”
1255 784 1347 830 εἶπε
1376 789 1505 844 ’πρὸς
1533 792 1733 845 Πορκίαν

196 852 337 896 ἔπεισι
382 855 519 908 φάναι
564 855 615 895 τὰ
659 860 737 895 τοῦ
765 853 989 906 ”Ἐκτορος;
1755 864 1788 889 10

290 918 448 961 ςἹστόν
480 918 516 960 τ’
552 920 775 974 ἠλακάτην
807 935 850 961 τε
884 918 954 960 καὶ
988 919 1280 974 ἀμφιπόλοισι
1313 919 1494 961 κέλευεῖ

198 987 397 1039 σώματος
432 987 513 1039 γὰρ
548 985 825 1027 ἀπολείπεται
865 985 995 1038 φύσει
1035 992 1124 1026 τῶν
1163 989 1271 1026 ἰσων
1306 984 1732 1041 ἀνδραγαθημάτων,

198 1052 349 1106 γνώμη
385 1049 421 1092 δ’
456 1051 564 1105 ὑπὲρ
598 1057 674 1104 τῆς
705 1051 928 1102 πατρίδος,
962 1051 1107 1105 ὥσπερ
1135 1051 1268 1104 ἡμεῖς,
1302 1050 1548 1105 ἀριστεύειῖ
1587 1053 1731 1092 Ταῦτα

196 1117 276 1171 μὲν
312 1115 334 1157 ὁ
368 1123 441 1170 τῆς
475 1119 672 1171 Πορκίας
704 1117 801 1165 υἱὸς
835 1116 1034 1170 ἱστόρηκε
1067 1116 1251 1169 Βύβλος.

784 1285 831 1330 Ρ.
854 1284 1145 1330 VOLVMNI

438 1391 810 1431 OONMENTARH
842 1392 912 1430 DE
946 1392 1128 1431 PVGNA
1162 1392 1501 1430 PHILIPPENSI

321 1496 392 1539 1²³³.
430 1501 531 1538 Plus.
560 1500 673 1538 Brut.
701 1499 757 1538 48
796 1495 871 1537 Ἐν
910 1495 1053 1551 ἐκείνῃ
1087 1494 1134 1538 δὲ
1167 1502 1218 1551 τῇ
1251 1495 1378 1538 νυκτὶ
1413 1497 1525 1548 [ante
1548 1511 1734 1549 puynam
1756 1512 1787 1537 15

199 1564 515 1615 Philippensem]
561 1563 695 1604 πάλιν
746 1561 885 1617 φασὶν
935 1563 995 1611 εἰς
1040 1563 1146 1612 ὄψιν
1197 1559 1349 1603 ἐλθεῖν
1392 1562 1440 1603 τὸ
1486 1562 1636 1616 φάσμα
1679 1567 1734 1619 τςῖ

196 1629 382 1684 Βρούτῳ
415 1626 486 1669 καὶ
518 1628 598 1682 τὴν
631 1627 769 1682 αὐτὴν
796 1626 1129 1680 ἐπιδειξάμενον
1161 1628 1267 1677 ὄψιν
1298 1627 1431 1668 οὐδὲν
1461 1629 1613 1680 εἰπεῖν,
1641 1626 1728 1669 ἀλλ’

198 1698 413 1748 οἴχεσθαι.
465 1695 664 1743 Πόπλιος
698 1691 745 1735 δὲ
779 1693 1068 1747 Βολούμνιος,
1109 1692 1218 1747 ἀνὴρ
1247 1695 1494 1748 φιλόσοφος
1525 1691 1596 1734 καὶ
1630 1704 1733 1734 συν-

197 1758 537 1814 εστρατευμένος
581 1757 652 1800 ἀπ’
697 1758 831 1814 ἀρχῆς
872 1759 1078 1815 Βρούτῳ,
1127 1764 1257 1800 τοῦτο
1302 1755 1382 1812 μὲν
1428 1758 1479 1799 οὐ
1528 1757 1643 1811 λέγει
1687 1758 1734 1799 τὸ

195 1831 394 1879 σημεῖον,
445 1827 664 1877 μελισσῶν
716 1824 767 1865 δέ
809 1835 917 1879 φησι
968 1825 1046 1866 τὸν
1097 1831 1274 1878 πρῶτον
1324 1823 1452 1864 ἀετὸν
1503 1823 1733 1865 ἀνάπλεων
1754 1840 1787 1865 20

196 1889 421 1942 γενέσθαι·
466 1888 536 1931 καὶ
569 1898 658 1931 τῶν
690 1890 934 1944 ταξιάρχων
966 1890 1088 1939 τινὸς
1121 1888 1191 1931 ἀπ’
1231 1889 1481 1941 αὐτομάτου
1520 1890 1597 1930 τὸν
1629 1891 1732 1942 βρα-

195 1957 322 2010 χίονα
353 1956 496 2009 μύρον
529 1956 712 2009 ῥόδινον
747 1954 950 2005 ἐξανθεῖν
983 1956 1054 1997 καὶ
1085 1955 1293 2004 πολλάκις
1320 1953 1629 2010 ἐξαλείφοντας
1660 1955 1732 1996 καὶ

196 2020 524 2073 ἀπομάττοντας
568 2019 705 2075 μηδὲν
749 2023 987 2075 περαίνειν.
1051 2019 1139 2062 Καὶ
1186 2020 1269 2074 πρὸ
1309 2026 1382 2074 τῆς
1421 2020 1559 2074 μάχης
1598 2019 1732 2073 αὐτῆς

196 2085 351 2135 ἀετοὺς
384 2087 465 2127 δύο
499 2088 801 2140 συμπεσόντας
840 2085 1045 2141 ἀλλήλοις
1079 2084 1126 2127 ἐν
1159 2087 1395 2141 μεταιχμίῳ
1432 2092 1519 2126 τῶν
1552 2096 1729 2139 στρατο-

194 2151 342 2192 πέδων
368 2152 597 2205 μάχεσθαι.
637 2151 707 2193 καὶ
736 2153 865 2205 σιγὴν
892 2153 1076 2193 ἄπιστον
1104 2153 1218 2205 ἔχειν
1245 2152 1292 2192 τὸ
1316 2151 1470 2191 πεδίον
1490 2150 1730 2202 θεωμένων
1750 2167 1783 2192 25

195 2216 416 2269 ἁπάντων,
444 2214 551 2266 εἶξαι
580 2217 627 2258 δὲ
653 2216 724 2258 καὶ
754 2223 915 2270 φυγεῖν
945 2218 1019 2258 τὸν
1045 2217 1152 2258 κατὰ
1181 2219 1393 2270 Βροῦτον.
1436 2215 1457 2257 ὁ
1486 2213 1533 2257 δὲ
1554 2217 1729 2266 Αἰθίοψ

195 2284 454 2335 περιβόητος
493 2281 676 2336 γέγονεν
715 2282 736 2324 ὁ
777 2288 852 2336 τῆς
889 2283 1029 2336 πύλης
1069 2282 1353 2336 ἀνοιχθείσης
1391 2281 1641 2335 ἀπαντήσας
1673 2285 1732 2338 τῷ

197 2347 379 2401 φέροντι
420 2348 496 2388 τὸν
534 2347 662 2389 ἀετὸν
700 2348 771 2389 καὶ
811 2346 1071 2396 κατακοπεὶς
1111 2355 1204 2396 ταῖς
1242 2349 1473 2401 μαχαίραις
1510 2346 1595 2388 ὑπὸ
1640 2353 1729 2387 τῶν

197 2420 475 2465 στρατιωτῶν
508 2413 849 2468 οἰωνισαμένων.

318 2565 348 2598 l.
377 2566 594 2608 Anspicimn
621 2566 832 2610 aquilarum
858 2569 1033 2599 enarrant
1059 2566 1168 2600 etiam
1195 2565 1393 2609 Appianus
1425 2566 1455 2599 b.
1477 2577 1503 2599 c.
1532 2565 1591 2599 IV
1607 2567 1690 2608 128,
1708 2568 1725 2598 Ι

196 2618 225 2645 et
257 2613 353 2647 Cass.
377 2614 450 2647 Dio
480 2614 638 2647 XLVII
665 2616 724 2655 48,
745 2616 776 2647 4.

322 2767 385 2802 13.
419 2763 633 2812 ἀριστεύσει
668 2767 770 2814 mdy.

317 2820 357 2875 1,
396 2826 457 2861 18.
491 2825 753 2874 βουλούμνιος
785 2826 891 2863 codd.
918 2826 1078 2873 quidam
