1842 3133
542 139 589 173 M.
611 137 860 173 ANTONIVS
887 138 1167 173 GORDIANVS
1401 140 1626 170 CLXXVIIII

85 252 256 289 citarent
289 256 327 288 et
361 251 598 302 refutarent3
630 251 751 288 uitam
787 255 916 288 tamen
951 262 1059 288 suam
1094 250 1140 288 ab
1173 251 1324 301 origine
1358 263 1483 301 usque
1511 250 1558 288 ad
1586 250 1625 289 id

86 321 266 366 tempus,
307 328 382 366 quo
423 315 633 365 scriberet,
668 327 757 353 eum
791 315 1000 353 deduxisse
1036 320 1074 353 et
1106 328 1177 366 per
1210 327 1251 353 se
1284 317 1370 353 ueri
1404 315 1531 354 simile
1565 321 1626 354 est

85 387 123 419 et
156 382 416 431 inscriptione
457 382 722 419 confirmatur.
775 382 814 418 in
855 380 1040 418 manibus
1079 386 1209 419 autem
1249 381 1322 418 fuit
1358 386 1515 431 praeter
1547 380 1624 418 Ma-

84 447 186 484 rium
220 446 443 496 Maximum,
476 458 547 497 per
577 458 691 496 quem
720 447 894 496 quinque
924 446 1138 496 fragmenta
1168 447 1206 483 in
1235 452 1489 497 tyrannorum
1519 447 1621 484 uitas

84 510 208 549 delata
254 516 362 561 sunt,
408 517 446 549 et
490 510 773 561 Herodianum,
819 513 881 549 cui
923 523 1045 549 unum
1086 510 1253 549 debetur
1287 512 1358 560 (fr.
1388 512 1446 561 I),
1488 512 1623 549 Cassio

83 575 210 626 Dioni,
251 578 316 627 qui
356 582 563 627 postquam
603 576 777 614 libellum
825 576 871 614 de
912 575 1110 614 ominibus
1151 577 1353 627 signisque
1387 578 1543 627 imperii
1577 576 1624 614 ad

85 642 278 680 Seuerum
311 643 430 692 misit,
464 647 551 692 post
584 646 752 679 mortem
786 643 871 679 eius
898 643 938 679 in
966 641 1142 679 historiis
1171 641 1217 679 ad
1245 643 1463 679 senatorias
1492 647 1623 692 partes

84 708 242 745 transiit
275 708 438 753 (Gesclz.
467 707 560 745 Lm.
589 707 640 744 II
657 720 701 756 p.
730 706 818 756 88),
865 719 953 744 cum
1001 706 1083 756 alii,
1122 719 1291 757 quorum
1330 707 1488 744 nomina
1528 706 1624 745 ohli-

84 774 202 810 uione
245 771 369 810 deleta
410 777 512 822 sunt,
552 773 803 822 imperatoris
837 784 901 809 res
935 784 1023 809 cum
1059 772 1143 810 eius
1175 773 1281 810 uitae
1316 771 1428 809 libris
1462 784 1625 810 concor-

87 837 223 876 dantes
269 836 529 889 explicarent3
581 849 670 875 nam
715 836 963 875 Herodianus
1014 836 1196 887 pluribus
1248 842 1383 875 contra
1434 837 1623 887 quosdam

86 904 300 953 scriptores
346 907 381 940 et
429 907 563 953 poetas
610 902 819 952 declamat,
865 903 933 952 qui
978 907 1113 940 contra
1156 903 1365 940 ueritatem
1406 903 1445 940 in
1486 902 1625 941 Seueri

86 969 251 1019 gratiam
285 980 348 1006 res
384 967 669 1018 descripserint
696 973 734 1005 et
761 969 884 1018 spatia
911 969 1100 1006 itinerum
1130 974 1169 1006 et.
1194 969 1392 1006 orationes
1427 974 1463 1006 et
1497 969 1626 1006 omina

85 1034 243 1084 imperii
284 1039 321 1071 et
360 1045 510 1084 pugnas
549 1033 798 1083 militumque
838 1034 1058 1071 occisorum
1098 1045 1308 1071 numerum
1345 1039 1624 1071 enumerantes

88 1099 159 1146 (II
186 1099 259 1147 15,
288 1099 351 1149 6),
402 1111 548 1149 eosque
594 1097 867 1149 reprehendit,
913 1100 981 1149 qui
1026 1098 1139 1136 laude
1186 1098 1312 1136 Clodii
1355 1098 1485 1136 Albini
1530 1099 1627 1136 uicti

86 1163 296 1202 Aemilium
342 1163 505 1202 Laetum
551 1163 810 1214 spoliauerint
856 1164 951 1210 (III
980 1165 1020 1213 7,
1048 1164 1151 1212 3sq.
1192 1166 1273 1202 uid.
1301 1165 1394 1202 adn.
1423 1166 1479 1202 ad
1517 1164 1624 1202 Mar.

88 1230 202 1268 Max.
226 1229 280 1278 sr.
316 1224 447 1282 2421)

438 1382 500 1429 M.
539 1383 865 1429 ANTONIVS
907 1382 1274 1430 GORDIANVS

484 1473 631 1517 (senior,
658 1476 770 1507 natus
799 1478 876 1517 159,
904 1474 1110 1518 imperator
1137 1475 1231 1517 238.)

207 1572 279 1611 Hic
312 1578 520 1623 postquam
554 1569 782 1624 ‘puerulus'
813 1572 998 1612 uersibus
1031 1572 1223 1612 faciendis
1257 1572 1500 1624 Ciceronem,
1533 1573 1626 1611 Ver-

89 1637 244 1689 gilium,
279 1637 446 1676 Statium
479 1638 697 1676 aemulatus
736 1640 777 1677 in
810 1638 967 1677 laudem
1000 1638 1187 1677 Antonini
1219 1638 1279 1676 Pii
1312 1643 1349 1676 et
1381 1638 1502 1677 Marci
1535 1635 1627 1676 ‘An-

88 1700 353 1742 toniniadem'
385 1705 616 1754 composuit,
645 1701 844 1742 ‘uersibus
876 1703 1149 1742 disertissimis
1176 1703 1289 1742 libris
1316 1705 1477 1755 triginta
1503 1705 1627 1742 uitam

89 1768 246 1806 illorum
281 1773 319 1807 et
350 1768 451 1806 bella
485 1774 523 1807 et
555 1768 712 1819 publice
747 1770 1013 1820 priuatimque
1047 1775 1156 1819 gesta
1182 1767 1451 1820 perseribens’
1481 1770 1626 1817 (Gord.

89 1835 128 1882 3,
149 1834 207 1884 2),
236 1839 372 1884 aetate,
399 1839 442 1871 ut
466 1833 637 1884 uidetur,
664 1839 878 1885 prouectus
912 1831 1089 1885 ‘scripsit
1120 1834 1256 1872 laudes
1290 1834 1416 1873 soluta
1449 1835 1625 1873 oratione

89 1900 264 1937 omnium
297 1898 601 1950 Antoninorum,
642 1900 709 1950 qui
743 1905 831 1938 ante
865 1912 954 1938 eum
988 1898 1162 1938 fuerunt'
1198 1901 1255 1950 (4,
1285 1901 1341 1951 7),
1375 1912 1474 1951 quae
1508 1912 1627 1950 opera

89 1969 222 2003 utrum
263 1977 308 2002 ex
349 1977 485 2002 eorum
523 1966 779 2003 ueneratione
819 1971 903 2004 orta
942 1966 1021 2004 sint
1053 1964 1354 2016 adulatoresque
1386 1964 1626 2013 induxerint,

89 2035 133 2068 ut
172 2029 390 2068 Gordianos
428 2030 637 2068 Antoninis
676 2032 918 2081 insererent,
959 2032 1071 2069 cuius
1111 2031 1354 2069 confusionis
1390 2032 1431 2068 in
1463 2030 1627 2068 historia

90 2096 261 2145 Augusta
295 2094 418 2133 multa
451 2095 597 2133 indicia
631 2101 796 2146 exstant,
830 2108 878 2134 an
911 2097 989 2134 iam
1021 2097 1104 2146 ipse
1138 2095 1215 2134 tale
1249 2095 1343 2147 quid
1376 2097 1627 2146 spectauerit,

91 2161 131 2198 in
164 2161 314 2198 incerto
348 2159 549 2213 relinqu03
586 2173 715 2212 neque
749 2163 854 2199 enim
885 2161 963 2200 11110
994 2162 1169 2212 pertinet
1196 2162 1457 2208 (Gesclze'chtl.
1486 2161 1577 2199 Le'tt.
1606 2161 1633 2199 I

83 2238 127 2275 p.
155 2225 241 2263 313
260 2227 375 2274 sqq).

695 2403 757 2449 M.
796 2403 1024 2450 FABIVS

213 2520 311 2565 Quia
350 2520 546 2571 Hyginum
586 2521 684 2559 1111111
724 2527 968 2572 compertum
1006 2521 1196 2560 hahemus
1235 2522 1311 2559 nisi
1351 2526 1440 2559 ante
1479 2533 1625 2560 annum

95 2583 178 2624 207
214 2587 475 2624 astronomica
515 2582 847 2640 composuisse2),
887 2588 1005 2625 etiam
1045 2592 1150 2624 aetas
1189 2586 1236 2625 M.
1263 2586 1390 2636 Fabii,
1429 2586 1477 2624 ad
1509 2599 1626 2637 quem

216 2690 248 2732 1)
275 2688 316 2721 In
342 2688 562 2732 fragmentis
590 2687 750 2722 adnexui
776 2688 954 2722 Aelium
980 2688 1180 2722 Maurum
1214 2687 1340 2722 Seueri
1366 2688 1553 2731 libertum,
1581 2688 1626 2722 de

95 2752 167 2786 quo
193 2740 290 2775 nihil
315 2743 462 2785 praeter
486 2740 609 2775 locum
636 2742 860 2786 exscriptum
889 2742 1110 2786 accepimus.

215 2797 248 2838 2)
275 2795 434 2829 Bursian
455 2794 493 2828 in
508 2794 741 2830 Fleckeiseni
762 2806 846 2829 ann.
863 2799 905 2829 93
926 2808 960 2840 p.
980 2799 1044 2829 76?
1061 2807 1112 2839 sq.
1143 2795 1284 2829 Schanz
1304 2794 1356 2828 Π2
1372 2800 1387 2828 1
1410 2808 1445 2839 p.
1462 2799 1528 2829 331
1545 2807 1623 2838 sqq.

1251 2854 1341 2888 ΧΠ*
