1842 3133
131 502 174 531 *14

120 562 136 591 Τ

97 1524 129 1556 fr
134 1552 138 1557 .

96 1847 128 1878 fr
133 1875 137 1879 .

145 564 186 592 10

162 1528 182 1556 4

216 117 274 158 46
721 116 758 151 L.
787 116 1055 151 CORNELIVS
1082 117 1267 152 BALBVS

210 224 431 280 Ῥωμαίων
462 226 682 275 πολιτείας
721 226 1048 281 συγγράμματι,
1087 225 1109 267 ὃ
1149 232 1199 281 τῇ
1233 229 1400 284 πατρίῳ
1438 227 1561 282 ἡμῶν
1594 227 1749 284 γέγρα-

213 306 315 332 πται
350 297 488 346 φωνῇ.

615 400 1061 448 L.CORNAEHJVS
1106 401 1350 448 BALBVS

339 514 379 558 l.
427 520 533 558 Suet.
574 520 682 558 Caes.
710 520 764 557 81
818 520 893 558 Sed
939 521 1094 558 Caesari
1140 521 1269 559 sutura
1315 521 1453 559 caedes
1500 521 1748 561 euidentibus

214 583 404 634 prodigiis
451 584 676 623 denuntiata
722 591 791 623 esi.
849 599 994 636 paucos
1037 591 1124 623 aute
1166 598 1341 637 mensae,
1386 599 1474 624 curn
1517 588 1556 625 iu
1599 587 1748 626 colonia

214 650 343 700 Capua
383 649 540 688 deducti
579 650 663 701 lege
696 650 791 688 Iulia
826 650 952 689 coloni
986 650 1031 689 ad
1065 650 1301 689 extruendas
1334 651 1447 690 uillas
1480 654 1747 692 uetustissima
1770 663 1783 686 5

215 714 423 765 sepulchra
459 715 668 754 disicerent
704 716 821 766 idque
850 729 893 753 eo
921 716 1135 755 studiosius
1164 717 1349 768 facerent,
1377 716 1480 768 quod
1507 717 1747 769 aliquantum

214 780 465 819 uasculorum
499 782 630 832 operis
664 783 815 832 antiqui
850 787 1071 820 scrutantes
1106 781 1367 833 reperiebant,
1400 782 1529 821 tabula
1564 796 1681 822 aenea
1708 785 1747 822 in

213 847 472 897 monimento,
518 848 557 884 iu
604 860 679 897 quo
728 847 930 885 dicebatur
968 848 1092 898 Capys
1138 847 1317 886 conditor
1361 847 1513 899 Capuae
1559 848 1748 900 sepullUS,

211 913 371 950 inuenta
411 918 487 963 est,
526 914 747 963 conscripta
789 913 930 951 litteris
969 913 1181 964 uerbisque
1222 914 1381 952 Graecis
1420 914 1491 952 hac
1536 916 1747 953 sententia:

211 977 445 1028 quaudoque
491 991 578 1016 ossa
618 978 757 1029 Capyis
803 978 953 1017 delecta
1000 984 1149 1029 essent,
1194 980 1273 1017 sore
1321 985 1365 1018 ut
1405 979 1486 1018 Iulo
1532 986 1746 1031 prognatus

212 1056 327 1081 manu
362 1044 744 1092 cousauguineorum
779 1050 987 1082 necaretur
1022 1045 1252 1095 magnisque
1285 1058 1374 1083 mox
1407 1044 1537 1083 ltaliae
1570 1045 1746 1084 ‘cladibus

210 1108 492 1147 uindicaretur.
527 1110 639 1147 cuius
667 1111 735 1160 rei,
761 1122 810 1147 ne
838 1111 926 1161 quis
954 1109 1167 1148 fabulosam
1196 1116 1261 1148 aut.
1288 1112 1601 1149 commenticiam
1626 1117 1746 1162 putet,

211 1179 347 1212 auctor
380 1180 440 1212 est
473 1174 679 1213 Cornelius
712 1175 868 1227 Balbus,
902 1175 1233 1214 familiarissimus
1267 1176 1456 1214 Caesaris.

861 1307 1090 1354 C.OPPI

590 1403 661 1440 DE
696 1403 824 1441 VITA
857 1403 1066 1442 PRIORIS
1100 1403 1358 1441 AFRICANI

333 1505 373 1548 l.
413 1510 568 1548 Charis.
592 1510 672 1558 Ip.
696 1510 781 1547 147
804 1511 851 1549 K.
886 1509 1035 1561 Oppius
1064 1533 1130 1562 —-,
1157 1510 1262 1548 idem
1291 1509 1337 1548 de
1364 1511 1445 1548 uita
1472 1512 1616 1562 prioris
1643 1512 1742 1549 Al'ri-

211 1576 315 1613 cani:
350 1573 559 1625 ‘Opinaute
592 1573 753 1623 uulyu’.

330 1636 372 1680 ⁸2.
418 1641 510 1679 Gell.
542 1641 600 1678 Γ]
622 1641 658 1689 I,
681 1642 704 1679 I
751 1641 862 1686 Quod
903 1641 947 1680 de
982 1641 1225 1693 Olympiade,
1264 1641 1432 1693 Philippi
1472 1643 1576 1692 regis
1610 1655 1741 1693 uxore,

210 1705 419 1744 Alexandri
452 1711 587 1757 matre,
619 1707 660 1744 iu
693 1706 855 1745 historia
883 1706 1029 1746 Graeca
1058 1709 1247 1758 scriptum
1276 1713 1347 1759 est,
1379 1707 1418 1746 id
1446 1707 1491 1746 de
1518 1708 1557 1746 P.
1586 1720 1740 1759 quoque

209 1772 404 1822 Scipionis
449 1776 590 1822 matre,
636 1773 702 1823 qui
747 1774 856 1823 prior
898 1773 1104 1811 Africanus
1149 1773 1364 1824 appellatus
1410 1778 1484 1824 est,
1530 1775 1740 1812 memoriae

210 1837 341 1875 datum
381 1843 450 1875 est.
502 1850 591 1875 nam
631 1843 670 1876 et
702 1837 741 1876 (1.
769 1838 919 1889 Oppius
959 1844 996 1877 et
1029 1838 1150 1877 Iulius
1182 1838 1358 1890 Hyginus
1398 1838 1559 1889 aliique,
1592 1840 1658 1890 qui
1694 1839 1739 1877 de

209 1904 286 1941 uita
326 1908 365 1941 et
402 1902 520 1941 rebus
558 1903 730 1941 Africani
770 1905 1033 1955 scripserunt,
1073 1909 1236 1942 matrem
1283 1906 1367 1943 eius
1403 1903 1631 1954 [Africani]
1674 1904 1737 1942 diu

208 1968 381 2007 sterilem
409 1969 668 2007 existimatam
696 1969 867 2020 tradunt,
892 1969 931 2008 P.
954 1983 1108 2021 quoque
1137 1970 1372 2021 Scipionem,
1400 1982 1488 2008 cum
1516 1983 1591 2021 quo
1618 1975 1737 2021 nupta

328 2095 365 2141 1,
387 2100 418 2129 3.
447 2095 499 2138 Cf.
516 2095 617 2130 Seru.
634 2101 762 2131 auctus
782 2096 831 2130 ad
853 2098 952 2141 Vergy.
969 2098 1059 2131 Aen.
1076 2098 1126 2130 H
1141 2099 1187 2131 35
1214 2096 1289 2130 Alii
1309 2096 1407 2130 hunc
1428 2095 1557 2140 Capyn
1578 2096 1738 2130 adfinem

208 2143 354 2178 Aeneae
380 2142 552 2185 tradunt,
579 2144 618 2177 et
642 2142 725 2177 ideo
754 2144 787 2177 ei
821 2144 867 2178 ab
896 2146 1021 2178 Aenea
1054 2144 1135 2178 dari
1168 2143 1261 2178 recti
1294 2143 1440 2179 consilii
1472 2143 1735 2189 principatum.

207 2190 267 2224 hic
294 2194 350 2224 est
376 2190 440 2234 qui
461 2190 627 2234 Capuam
655 2191 833 2225 condidit.
872 2192 935 2225 sed
963 2192 1032 2226 hoc
1052 2194 1137 2236 post
1156 2191 1275 2226 multa
1296 2191 1446 2225 saecula
1467 2191 1612 2225 claruit.
1650 2202 1736 2225 nam

206 2238 264 2271 his
291 2237 538 2282 temporibus,
567 2238 702 2282 quibus
730 2238 866 2273 Caesar
892 2239 1011 2273 occidi
1038 2239 1188 2283 habuit⁷
1217 2238 1366 2284 Capuae
1392 2239 1573 2273 iuuencae
1600 2250 1738 2274 aeneae

207 2285 344 2320 dicitur
370 2285 591 2330 inscriptum
617 2285 732 2320 fuisse
758 2287 877 2321 isdem
903 2286 1133 2331 temporibus
1161 2299 1275 2320 unum
1303 2287 1347 2321 de
1374 2297 1509 2331 genere
1536 2286 1738 2321 conditoris

208 2333 425 2377 periturum.

327 2380 362 2416 2.
384 2380 421 2416 3.
444 2380 613 2415 Eandem
632 2383 771 2425 famam
790 2386 931 2417 secutus
951 2386 1001 2417 est
1014 2382 1151 2416 Liuius
1167 2382 1246 2415 XX
1255 2382 1311 2415 VJ
1328 2385 1373 2416 19
1393 2381 1480 2415 Fuit
1500 2381 1599 2415 enim
1614 2381 1737 2426 Scipio

206 2440 278 2462 non
307 2428 403 2462 ueris
430 2430 577 2463 tantum
604 2428 807 2463 uirtutibus
833 2429 1028 2472 mirabilis,
1057 2429 1121 2463 sed
1148 2431 1227 2463 arte
1254 2440 1401 2473 quoque
1429 2429 1591 2473 quadam
1613 2429 1658 2463 ab
1681 2429 1736 2463 iu-

206 2478 320 2510 uenta
346 2476 383 2509 in
411 2476 700 2511 ostentationem
727 2488 853 2511 earum
875 2476 1113 2522 compositus,
1134 2477 1313 2522 pleraque
1334 2477 1435 2521 apud
1455 2476 1735 2511 multitudinem

207 2526 272 2557 aut
297 2535 362 2568 per
387 2525 587 2558 nocturnas
609 2525 708 2558 uisas
729 2524 871 2569 species
893 2527 957 2559 aut
978 2524 1082 2559 uelut
1102 2524 1284 2559 diuinitus
1304 2526 1427 2559 mente
1447 2524 1590 2559 monita
1610 2535 1735 2569 agens,

207 2571 285 2605 siue
313 2573 350 2605 et
375 2571 454 2616 ipse
482 2571 582 2615 capti
610 2572 773 2615 quadam
800 2572 1063 2617 superstitione
1091 2572 1222 2616 animi,
1260 2572 1339 2606 siue
1366 2574 1407 2606 ut
1433 2571 1590 2616 imperia
1617 2571 1735 2606 consi-

206 2618 331 2661 liaque
365 2618 469 2652 uelut
500 2621 597 2653 sorte
631 2619 771 2654 oraculi
804 2620 917 2654 missa
953 2620 1030 2654 sine
1071 2619 1307 2654 cunctatione
1343 2621 1640 2663 exsequerentur.
1687 2620 1733 2653 ad

207 2666 275 2699 hoc
314 2665 389 2700 iam
428 2665 514 2699 inde
551 2666 598 2700 ab
637 2666 746 2701 initio
778 2679 1006 2712 praeparans
1045 2667 1206 2711 animos,
1239 2678 1283 2701 ex
1316 2679 1388 2711 quo
1421 2669 1547 2711 togam
1586 2666 1735 2701 uirilem

327 2785 368 2840 l,
406 2792 470 2828 15.
503 2791 629 2840 uulgu
657 2803 727 2828 om.
749 2792 827 2829 cod.
849 2792 936 2829 add.
960 2791 1190 2829 Bondamus

1769 992 1800 1014 1⁴)

1764 1592 1796 1616 15

1760 1918 1794 1942 20
