1842 3133
566 107 638 143 CN.
660 108 892 143 DOMITIVS
920 108 1140 143 CORBVLO
1437 124 1614 154 CXXXIII

204 219 300 258 Nam
345 220 572 271 priusquam
619 220 786 258 Corbulo
832 232 937 258 arma
983 233 1142 259 mouere
1188 226 1337 272 posset,
1382 222 1612 273 Vologaeses

87 285 296 324 domestica
337 284 528 323 discordia
570 291 775 324 reuocatus
815 287 889 323 iam
926 285 970 323 de
1004 285 1185 324 Armenia
1219 286 1465 326 abscesserat
1497 293 1612 338 atque

86 352 201 389 etiam
235 351 281 389 ab
315 351 379 388 illo
415 356 452 389 et
479 350 524 388 ab
562 351 749 389 meidio
783 351 990 401 Quadrato,
1025 353 1091 402 qui
1119 352 1269 402 Syriam
1304 352 1611 404 administrabat,

84 417 254 454 monitus
289 416 387 454 datis
415 416 616 455 obsidibus
643 429 777 467 parem
808 418 978 455 firmauit
1012 412 1062 469 (a.
1091 414 1281 471 55IJSOS),
1315 430 1413 468 quae
1444 420 1611 457 triennio

83 487 170 533 post
203 481 248 520 ab
283 483 366 533 ipso
401 481 551 520 turbata
587 487 645 520 est
678 494 753 519 non
787 483 911 520 inuito
945 481 1128 533 Romano,
1162 484 1229 533 qui
1258 481 1433 534 ‘dignuin
1461 485 1609 533 magni-

84 546 216 586 tudine
254 547 387 598 populi
420 547 581 585 Romani
622 547 782 585 rebatur
818 552 928 598 parta
967 547 1059 585 olim
1099 560 1119 585 a
1153 547 1314 587 Lucullo
1347 549 1611 601 Pompeioque

82 610 274 664 reeipere’
315 614 429 661 (Tac.
464 625 556 651 ann.
591 613 709 651 XIII
735 613 810 660 34)
854 617 969 663 atque
1014 614 1190 664 interim,
1243 618 1285 652 ut
1331 614 1525 665 quondam
1570 616 1610 653 111

83 677 305 729 Germania,
346 678 512 716 militum
553 679 701 716 animos
741 677 853 728 longa
893 679 1032 716 inertia
1074 678 1287 728 degeneres
1328 681 1538 718 seueritate
1573 685 1610 719 et

82 745 300 782 constantia
334 757 401 782 sua
435 743 481 782 ad
514 748 689 782 ueterem
725 743 972 794 disciplinam
1007 743 1228 782 reduxnwat.
1281 744 1350 783 sed
1378 758 1440 783 res
1469 745 1532 784 diu
1562 746 1609 784 ad

81 822 278 847 armorum
325 809 535 848 discrimen
582 821 657 846 non
700 810 820 859 uenit,
867 809 1070 860 colloquiis
1115 810 1219 848 inter
1264 809 1525 849 Corbulonem
1573 816 1610 849 et

80 875 310 926 Tiridatem,
361 875 582 925 Vologaesis
641 875 819 925 fratrem,
885 879 1037 925 tempus
1096 876 1237 913 teritur
1296 877 1606 927 expugnatisque

80 940 249 979 castellis
294 940 527 992 quibusdam
572 940 795 992 Armeniae,
841 945 923 979 tum
968 953 1063 978 uero
1110 940 1296 990 Corbulo,
1342 954 1430 980 cum
1476 941 1608 980 Parthi

79 1006 347 1057 Hyrcanorum
400 1005 615 1044 defectione
668 1007 950 1056 retinerentur,
995 1006 1176 1044 Artaxata
1222 1007 1324 1045 facili
1376 1019 1493 1058 opera
1544 1020 1607 1046 ex-

79 1073 267 1122 pugnauit
307 1067 357 1125 (a.
386 1068 560 1123 584311,
599 1072 690 1110 Tae.
718 1072 836 1109 XIII
863 1071 987 1109 6—9.
1021 1068 1216 1126 34—41)
1251 1072 1607 1124 Tigranocel‘tatple

78 1137 301 1175 uolentibus
329 1137 482 1175 ciuibus
515 1138 673 1188 recepit.
727 1138 783 1175 sie
810 1136 979 1187 Tigrani,
1015 1136 1060 1175 ad
1094 1150 1209 1188 quem
1245 1151 1264 1175 a
1292 1137 1445 1176 Nerone
1472 1138 1606 1177 Arme-

78 1204 164 1241 niae
207 1215 368 1253 regnnm
411 1202 580 1241 delatum
614 1207 708 1253 erat,
741 1203 804 1240 uia
836 1203 1028 1253 patefacta
1069 1208 1138 1253 est,
1171 1208 1214 1241 ut
1252 1204 1336 1254 ipse
1375 1204 1414 1241 in
1455 1203 1606 1254 Syriam

78 1268 152 1306 sibi
185 1269 416 1319 permissam
450 1268 634 1307 recedere
672 1273 805 1319 posset
845 1263 894 1321 (a.
923 1265 1098 1319 baem,
1137 1269 1226 1307 Tac.
1255 1269 1366 1307 XIV
1386 1266 1605 1317 23—26).

77 1334 168 1372 hinc
200 1333 345 1372 bellum
379 1347 398 1372 a
424 1334 579 1372 Parthis
607 1333 916 1384 redintegratum
951 1328 1000 1386 (a.
1030 1330 1206 1387 61s814)
1240 1335 1292 1371 ita
1321 1336 1529 1386 componit,
1562 1341 1605 1374 ut

78 1405 115 1438 et
147 1399 437 1450 Tigranocerta,
470 1399 537 1438 ubi
569 1399 758 1450 Tigranes
792 1399 1055 1450 obsidebatur,
1089 1398 1352 1438 liberarentur
1384 1404 1422 1438 et
1457 1399 1502 1439 de
1535 1400 1604 1438 Ar-

76 1466 204 1503 menia
237 1464 380 1504 milites
408 1465 570 1503 Romani
605 1464 841 1503 decederent
874 1477 1148 1515 summumque
1176 1465 1382 1504 arbitrium
1410 1465 1456 1504 ad
1484 1465 1604 1504 Nero-

77 1543 165 1569 nem
200 1530 429 1569 deferretur.
494 1530 634 1581 legatio
668 1535 797 1569 tamen
830 1530 1062 1569 Parthorum
1090 1531 1246 1569 irritum
1281 1531 1353 1569 fuit
1378 1530 1603 1583 bellumque

77 1595 274 1647 propalam
302 1596 348 1634 ab
376 1597 432 1634 eis
459 1595 608 1635 illatum
637 1601 706 1646 est,
740 1595 842 1647 quod
870 1595 1109 1634 Caesennius
1137 1596 1277 1635 Paetus
1304 1596 1603 1648 administrauit,

76 1661 198 1700 Roma
239 1661 285 1700 ad
324 1661 508 1700 tuendam
547 1662 769 1700 Armeniam
810 1662 964 1700 missus.
1030 1661 1097 1700 sed
1137 1675 1156 1700 a
1188 1661 1397 1712 Vologaese
1437 1663 1602 1702 circurn-

77 1727 209 1765 clusus
242 1728 514 1779 turpissimum
549 1727 684 1766 foedus
717 1728 817 1766 inire
851 1732 1007 1765 coactus
1040 1727 1264 1766 Armeniam
1298 1728 1446 1778 omisit„
1486 1740 1602 1780 quam

77 1792 225 1831 cladem
254 1792 421 1831 Corbulo
450 1806 468 1831 a
492 1793 601 1843 Syria
630 1794 756 1841 sarsit,
790 1805 878 1831 cum
912 1797 950 1831 et
982 1794 1065 1843 ipse
1094 1792 1340 1843 concederet,
1372 1797 1415 1831 ut
1443 1794 1602 1832 castella

76 1872 94 1895 a
135 1871 175 1896 se
215 1863 321 1896 trans
355 1858 592 1909 Euphratem
637 1859 785 1897 munita
834 1858 1096 1908 diruerentur,
1137 1864 1174 1896 et
1213 1870 1292 1908 rex,
1339 1864 1381 1897 ut
1419 1859 1601 1898 Armenia

76 1922 261 1962 ‘diuersis
294 1923 499 1975 praesidiis
532 1920 676 1962 uacna’
708 1924 819 1962 fieret
847 1919 1056 1977 (62f'815)‚
1088 1923 1231 1962 Romae
1265 1930 1394 1962 tamen
1427 1925 1466 1963 in
1500 1924 1601 1963 bello

76 1994 370 2040 perseueratum
398 1995 457 2027 est
477 1990 764 2040 imperiumque
786 1994 894 2028 aucta
917 1994 1108 2041 potestate
1129 1988 1354 2028 mandatum
1376 1989 1598 2029 Corbuloni.

74 2055 107 2092 is
142 2054 336 2106 Euphrate
371 2056 551 2093 tramisso
584 2054 720 2093 obuios
753 2054 889 2093 habuit
914 2055 1061 2105 legatos
1089 2054 1309 2105 Vologaesis
1337 2054 1599 2106 Tiridatisque

76 2119 121 2158 de
153 2133 248 2171 pace
292 2121 433 2159 missos
473 2121 606 2171 eisque
645 2121 741 2171 ipsis
781 2120 972 2172 colloquio
1013 2121 1224 2159 constituto
1268 2121 1466 2172 persuasit
1505 2116 1598 2173 (qua

76 2185 149 2223 tide
183 2187 298 2224 etiam
326 2185 427 2237 apud
459 2185 646 2224 barbaros
678 2185 872 2236 utebatur,
900 2187 987 2225 XV
1002 2182 1089 2240 28),
1122 2191 1165 2224 ut
1191 2185 1385 2224 Tiridates
1421 2184 1599 2237 ‘poneret

74 2250 174 2301 apud
220 2251 391 2301 effigiem
436 2250 612 2289 Caesaris
657 2252 811 2301 insigne
852 2252 1002 2302 regium
1042 2263 1114 2290 nee
1153 2252 1228 2290 nisi
1267 2263 1384 2289 manu
1418 2251 1597 2289 Caesaris

76 2314 307 2354 resumeret’
348 2312 399 2369 (a.
427 2313 600 2368 ssssssssltj,
645 2317 735 2355 Tac.
763 2317 850 2355 XV
872 2317 1048 2366 1—3l>,
1090 2316 1129 2354 id
1171 2316 1274 2367 quod
1315 2315 1442 2355 tribus
1485 2318 1597 2354 annis

73 2386 162 2432 post
193 2381 337 2420 Romae
370 2382 515 2420 factum
549 2386 618 2420 est.

192 2445 293 2485 Num
326 2460 421 2498 quas
460 2459 522 2485 res
560 2452 694 2498 postea
727 2446 894 2486 Corbulo
927 2448 1080 2497 fecerit,
1123 2451 1219 2485 tacet
1252 2447 1458 2499 memoria3
1498 2447 1596 2486 eele-

73 2511 210 2549 bratur
236 2517 384 2550 tantum
413 2513 497 2551 eius
524 2525 640 2563 mors,
674 2525 761 2550 nam
791 2514 1022 2551 criminante
1050 2513 1161 2550 Arrio
1189 2512 1297 2563 Varo,
1324 2511 1446 2550 milite
1475 2525 1596 2563 quon-

76 2576 161 2615 dam
194 2578 399 2623 suo(Tc10.
426 2579 514 2616 leis-t.
538 2579 611 2615 III
633 2579 689 2627 6),
723 2592 753 2616 a.
782 2574 951 2629 672820
985 2590 1002 2615 a
1037 2577 1190 2615 Nerone
1224 2576 1444 2615 Cenchreas
1478 2577 1594 2615 aduo-

74 2647 182 2680 catus
215 2655 392 2692 naueque
425 2642 639 2680 escendens
673 2644 771 2680 mori
798 2645 928 2681 iussus
957 2648 1026 2693 est,
1060 2655 1147 2680 cum
1176 2655 1216 2680 se
1242 2643 1435 2680 meruisse
1463 2642 1594 2680 clami-

74 2712 173 2745 taret
206 2709 301 2754 (Dc'o
330 2708 395 2758 (53,
425 2708 490 2755 17,
519 2709 544 2745 5
563 2720 618 2755 sq.
647 2708 696 2757 (ts.
731 2708 819 2746 Tac.
846 2709 933 2746 hist.
964 2709 1012 2745 II
1036 2708 1100 2745 70.
1136 2709 1330 2746 Ammime.
1359 2708 1444 2746 XV
1468 2708 1503 2753 2,
1537 2709 1594 2754 5).

193 2772 268 2810 Sed
308 2772 476 2810 clausula
523 2774 756 2810 narrationis
803 2772 903 2823 apud
942 2772 1135 2822 Tacitum,
1181 2778 1385 2823 postquam
1426 2772 1594 2810 honores
