1842 3133
202 116 301 145 3411„
535 100 598 134 DE
625 98 936 134 SCRIPTORVM
968 97 1087 132 vms
1114 97 1176 131 ET
1202 96 1409 131 semeias

204 213 324 251 uerba
358 224 480 263 praue
515 214 798 262 interpretatus
831 215 887 247 est
900 206 946 263 ¹),
980 214 1018 247 et
1051 220 1267 246 consensus
1295 209 1379 246 cius
1407 220 1496 245 cum
1528 207 1736 245 Plutarcho

205 279 450 316 manufestus
491 282 566 326 est,
605 281 646 314 ut
687 274 734 313 ad
774 274 1005 313 Ciceronem
1046 285 1295 323 reuocemur,
1339 285 1466 323 neque
1508 278 1587 311 tam
1630 277 1738 310 artus

205 340 301 396 (non
337 341 553 393 adstipulor
580 340 795 380 Bureschio
829 342 851 378 l.
878 352 908 378 S.
927 352 970 389 p.
1001 339 1084 377 ‘229
1099 334 1200 392 sqq.)
1230 339 1460 388 praesertim
1489 339 1528 376 in
1555 337 1735 376 laudibus

205 408 261 446 illi
296 408 505 457 attributis,
545 419 644 457 quae
679 405 780 456 apud
813 406 1032 456 Appianum
1072 403 1193 442 multo
1235 403 1517 442 moderatiores
1556 408 1657 453 sunt,
1695 408 1739 441 ut,

208 473 365 512 Liuium
400 477 601 511 auctorem
635 470 854 509 adhibitum
888 483 973 508 esse
1008 468 1250 508 censendum
1284 470 1344 507 sit.

324 539 491 577 Breuius
537 537 582 575 de
630 536 797 574 Latino
844 536 1185 574 commentario
1232 535 1396 585 transigi
1437 539 1582 585 potest,
1622 546 1738 585 quem

207 617 300 642 num
334 604 493 641 omnino
527 602 664 641 Cicero
697 601 856 640 adortus
890 602 940 639 sit
973 606 1039 639 aut,
1071 600 1299 651 perfecerit,
1332 601 1490 638 omnino
1528 600 1738 638 nescimus.

208 675 314 708 certe
342 669 531 707 memoria
560 669 644 706 eius
670 667 735 705 illa
763 666 809 705 ad
836 667 1007 705 Atticum
1042 665 1209 717 epistula
1243 667 1468 704 continetur
1497 666 1598 712 (ald.
1616 677 1660 714 p.
1689 666 1740 712 V).

205 734 440 774 Accedimus
487 733 533 771 ad
560 729 852 779 Ἀνέκὸοτα,
899 734 993 770 item
1039 731 1175 770 Latine
1219 732 1380 782 scripta,
1424 743 1523 781 quae
1562 731 1738 781 proxime

206 800 253 839 ad
294 800 498 838 historiam
539 798 743 837 accedunt.
801 810 890 836 nam
931 799 1004 836 etsi
1044 802 1125 835 arte
1164 798 1220 835 uti
1255 796 1409 846 11011111,·
1430 801 1560 835 tamen
1593 795 1740 834 nullius

206 866 377 904 hominis
417 866 567 903 ratione
607 863 738 902 hahita
780 875 843 901 res
876 864 1052 914 scripsit,
1086 862 1125 900 id
1158 862 1261 913 qnod
1295 875 1340 900 ex
1376 863 1461 900 eius
1495 862 1618 912 ipsius
1650 873 1739 912 pro-

208 932 377 970 fessione
417 931 674 981 consequitur
713 935 746 968 ct
790 942 835 968 ex
876 942 937 980 e0,
983 928 1087 980 quod
1127 928 1218 966 dum
1256 929 1431 978 uiueret,
1478 929 1516 965 in
1561 926 1740 977 obsigna-

208 999 311 1035 tione
351 997 523 1047 perstitit
557 997 721 1044 (uidp.
758 997 882 1043 susq).
934 995 1052 1032 nimis
1091 993 1301 1032 indulserit
1340 994 1458 1031 etiam
1496 993 1661 1031 uanitati
1703 997 1742 1030 et

204 1062 353 1113 gloriae
398 1074 511 1100 suae:
560 1066 690 1099 tamen
731 1060 833 1111 quod
876 1060 939 1098 hic
982 1060 1289 1097 commentarius
1332 1058 1536 1097 Ciceronis
1578 1058 1740 1108 interiit,

206 1127 319 1166 ualde
360 1127 472 1165 nobis
514 1125 723 1164 dolendum
757 1131 812 1164 est
848 1138 976 1176 neque
1010 1126 1172 1175 mirum,
1207 1123 1309 1175 quod
1342 1124 1499 1162 Asconii
1533 1124 1740 1161 curiositas

207 1193 254 1232 ad
288 1205 376 1231 eum
411 1191 540 1241 rediit,
574 1193 640 1242 qui
673 1204 751 1229 uno
779 1191 862 1229 loco
890 1191 990 1229 hauc
1024 1188 1394 1241 ‘expositionem
1429 1189 1739 1227 consiliorum

207 1255 472 1297 Ciceronis’
515 1258 666 1307 citauit,
706 1256 903 1308 pluribus,
942 1261 985 1294 ut
1024 1255 1062 1293 C.
1091 1254 1353 1293 Lichtent'eldt
1386 1256 1465 1301 (De
1505 1255 1546 1301 O.
1575 1256 1742 1293 Aseom'z·

209 1326 382 1364 Pedium?
422 1324 603 1373 sontibus
648 1335 698 1361 ae
738 1324 832 1370 fide.
897 1323 1117 1361 Breslauer
1149 1323 1289 1370 philol.
1324 1322 1423 1359 Abla.
1459 1321 1508 1358 II
1541 1321 1585 1368 4,
1626 1320 1740 1358 1888

198 1403 241 1439 p.
260 1391 314 1428 19
327 1391 431 1438 sqq.)
454 1394 491 1427 et
512 1388 550 1426 P.
567 1388 787 1426 Koetschau
810 1389 890 1433 (De
916 1389 994 1426 Cic.
1011 1399 1067 1426 or.
1084 1390 1123 1425 ln
1148 1394 1241 1434 {ossa
1263 1388 1437 1435 eandp.
1460 1386 1516 1423 23
1529 1388 1604 1434 sq.)
1632 1385 1740 1423 uide-

208 1461 311 1506 runt,
349 1456 465 1493 tacite
503 1453 691 1505 expilauit
713 1448 768 1505 (p.
793 1451 858 1503 73,
882 1450 1048 1503 7—-74,
1069 1450 1095 1491 3
1122 1451 1224 1490 K.-S.
1248 1451 1293 1490 de
1322 1452 1524 1489 Ciceronis
1551 1452 1740 1502 petitione

208 1520 452 1570 consulatuS,
493 1516 559 1570 75,
582 1516 739 1557 8-20
773 1518 818 1556 de
853 1518 891 1556 C.
919 1518 1076 1556 Antonii
1114 1518 1342 1568 ignominia,
1383 1514 1448 1567 75,
1469 1514 1674 1566 23ffi76,
1696 1514 1740 1567 23

210 1584 276 1637 79,
298 1583 496 1635 28—80,
518 1583 563 1636 43
593 1582 658 1633 76,
681 1581 855 1635 6—103
885 1581 950 1634 78,
974 1581 1117 1635 7-9;
1152 1581 1218 1633 80,
1241 1580 1418 1634 8—113
1447 1579 1514 1632 82,
1535 1579 1740 1633 22-23;

211 1649 394 1690 14—16
436 1650 481 1688 de
521 1649 709 1688 Catilinae
752 1645 961 1703 moribus).
1022 1648 1125 1687 unde
1172 1654 1300 1687 autem
1346 1647 1580 1686 Plutarchus
1624 1647 1741 1685 huius

208 1716 298 1755 libri
324 1718 504 1755 notitiam
530 1715 723 1765 hahuerit,
752 1716 990 1765 ignoramus,
1017 1727 1091 1753 nee
1112 1714 1255 1765 quihus
1277 1713 1417 1752 riuulis
1439 1712 1486 1751 ad
1508 1712 1741 1763 Charisium,

208 1783 480 1832 Augustinum,
513 1781 720 1819 Boethium
756 1780 922 1819 deducta
956 1782 1016 1818 sit.

328 1847 452 1885 Pauca
493 1847 613 1897 igitur
649 1859 694 1884 ex
734 1846 806 1884 hac
839 1845 1041 1883 Ciceronis
1080 1845 1243 1883 historia
1277 1844 1324 1882 ad
1357 1857 1427 1882 nos
1461 1849 1740 1895 1‘›eruenerunt,

210 1919 247 1951 nt
289 1925 337 1951 ne
376 1913 448 1950 hoc
488 1911 646 1962 quidem
686 1912 909 1949 accuratius
950 1912 1148 1949 certiusue
1190 1909 1345 1948 deliniri
1380 1911 1513 1960 possit,
1547 1922 1643 1960 quas
1678 1922 1740 1947 res

209 1977 311 2016 ultra
362 1979 489 2028 ipsum
542 1976 787 2015 consulatum
838 1975 1027 2027 conplexa
1078 1977 1145 2026 sit,
1191 1988 1317 2026 neque
1365 1975 1429 2013 diu
1477 1976 1514 2013 in
1561 1974 1741 2013 manibus

209 2048 390 2082 ueterum
424 2042 582 2081 uidetur
609 2043 743 2092 fuisse,
778 2043 851 2080 etsi
879 2041 1061 2093 aequales
1089 2053 1266 2091 magnam
1294 2053 1403 2091 spem
1437 2041 1476 2078 in
1511 2041 1595 2079 eius
1623 2040 1741 2078 facul-

210 2114 288 2146 tate
322 2108 480 2146 Latinae
514 2108 700 2146 historiae
735 2112 962 2158 posuerunt.
1007 2120 1097 2145 nam
1131 2106 1336 2145 Cornelius
1369 2105 1498 2157 Nepos
1531 2106 1741 2145 historicos

211 2174 367 2212 Latinos
410 2185 640 2223 recensens,
679 2186 767 2211 cum
807 2170 1043 2224 ὑπόμνημα
1080 2177 1120 2210 111
1156 2171 1303 2210 Graece
1343 2173 1552 2221 scriptum,
1589 2172 1740 2221 exposi-

211 2240 357 2276 tionem
397 2244 435 2276 nt
477 2244 558 2276 arte
600 2238 794 2277 rhetorica
835 2244 1034 2277 carentem
1074 2250 1151 2275 non
1185 2243 1359 2287 curaret,
1393 2242 1517 2275 morte
1552 2239 1635 2275 eius
1668 2237 1741 2274 hoc

212 2317 335 2352 genus
358 2304 577 2341 litterarum
599 2304 825 2342 Latinarum
847 2305 1004 2342 omnino
1034 2303 1129 2341 rude
1158 2309 1272 2353 atque
1307 2302 1532 2340 incohatum
1559 2302 1741 2340 relictum

212 2382 297 2407 esse
331 2371 522 2419 queritur.
573 2369 669 2407 haee
702 2371 805 2407 enim
835 2369 924 2407 dicit
956 2371 1025 2415 (tle
1054 2372 1128 2407 ue'r.
1151 2368 1276 2417 ilhsr.
1304 2368 1393 2414 17).·
1426 2369 1513 2405 Non
1547 2370 1742 2415 §querare

212 2436 330 2473 debes
370 2446 488 2472 mmm
528 2436 603 2472 1706
639 2447 769 2482 (senus
801 2435 1042 2473 Latinarum
1080 2437 1309 2472 litterarum
1348 2435 1482 2471 adhuc
1515 2444 1593 2471 71077
1626 2435 1740 2471 modo

212 2513 288 2537 mm
333 2501 578 2548 respondere
625 2502 841 2547 Graes-iae,
881 2501 955 2538 sed
994 2502 1154 2538 0777777710
1199 2501 1301 2537 rude
1344 2504 1464 2547 alque
1509 2500 1741 2537 incohatum

212 2571 337 2603 morte
376 2567 581 2602 ('2·(·e2·0nis
615 2568 810 2603 relietum.
863 2567 928 2604 ille
966 2568 1069 2603 enim
1104 2565 1185 2613 fuit
1226 2576 1345 2611 emus,
1384 2566 1453 2612 qni
1487 2566 1666 2612 poluerit
1704 2568 1740 2601 el

334 2672 366 2710 1)
393 2666 445 2700 Cf.
467 2666 712 2700 Mendclsohn
748 2668 785 2700 in
819 2670 1012 2702 comment.
1035 2666 1114 2701 crit.
1137 2667 1229 2711 App.
1252 2678 1287 2710 p.
1311 2670 1376 2700 687
1393 2678 1470 2710 sqq.
1510 2665 1576 2699 Th.
1591 2664 1740 2698 Wiede-

214 2732 323 2753 mann
351 2719 388 2753 in
416 2719 548 2753 Philol.
572 2724 611 2753 21
641 2732 673 2764 p.
697 2724 896 2762 473—480,
923 2720 987 2763 qui
1008 2722 1157 2764 praeter
1177 2719 1395 2753 Sallustium
1415 2717 1632 2763 primarium
1655 2729 1738 2751 auc-

213 2776 328 2807 torem
356 2773 475 2817 ipsum
504 2772 743 2806 Plutarchum
772 2774 818 2807 ab
846 2774 1018 2818 Appiano
1045 2773 1253 2817 inspectum
1281 2783 1359 2806 csse
1386 2775 1519 2806 censet.
