1842 3133
136 1415 180 1445 80

125 1464 193 1505 6⁷7}

137 1547 181 1577 65

126 1607 192 1637 689

214 125 270 166 34
750 123 960 159 CORNELI
987 122 1191 157 NEPOTIS

214 250 382 288 namque
423 236 541 274 adicit
578 235 682 274 idem
721 235 851 287 Nepos
891 236 1061 286 primum
1102 236 1192 273 totis
1231 234 1392 273 aedibus
1431 235 1578 274 nullam
1617 237 1693 274 nisi
1728 249 1747 274 e

216 315 410 341 marmore
457 301 678 340 columnam
724 301 907 340 habuisse
953 307 991 339 et.
1035 302 1162 339 omnis
1208 300 1350 339 solidas
1396 313 1416 339 e
1462 300 1637 352 Carystio
1683 307 1748 340 aut

217 368 415 406 Luniensi.

335 430 445 472 25³³.
481 434 582 472 plin.
610 446 647 471 η.
674 435 710 472 72.
744 433 941 471 XXXVI
967 433 1023 470 59
1069 431 1270 482 Onychem
1314 433 1355 469 in
1394 431 1558 471 Arabiae
1598 437 1748 471 tantum

216 498 414 537 montibus
475 512 547 536 nee
597 510 764 549 usquam
816 497 934 536 aliubi
993 498 1099 535 nasei
1151 502 1341 548 putauere
1398 499 1523 536 nostri
1579 503 1784 549 ueteres75

216 564 385 602 Sudines
431 566 469 602 in
510 564 726 602 Carmania.
790 564 954 614 potoriis
1000 563 1171 613 primum
1214 563 1321 600 uasis
1359 562 1450 601 inde
1491 563 1620 613 factis,
1661 563 1749 601 dein

217 629 383 680 pedihus
422 630 614 667 lectorum
654 629 842 679 sellisque
882 627 1012 679 Nepos
1048 627 1254 666 Cornelius
1294 627 1413 666 tradit
1450 641 1589 678 magno
1629 629 1750 666 l'uisse

216 695 424 745 miraculo,
464 708 553 733 cum
595 695 634 733 P.
671 694 858 732 Lentulus
898 694 1086 744 Spinther
1131 694 1337 744 amphoras
1383 706 1427 731 ex
1475 707 1519 732 eo
1565 693 1750 732 Chiorum

217 760 486 811 magnitudine
515 760 702 799 cadorum
729 759 979 810 ostendisset,
1007 763 1094 809 post
1120 759 1436 809 quinquennium
1459 758 1599 797 deinde
1620 766 1751 796 XXXII

216 825 360 877 pedum
394 825 651 876 longitudinis
685 825 887 863 columnas
920 824 1069 863 uidisse
1103 836 1155 862 se.
1771 836 1804 860 ιο

337 888 446 930 26>ἦ
482 893 610 930 Prisc.
644 892 749 929 VIII
770 891 826 929 17
849 904 892 940 p.
920 890 1007 928 383
1034 891 1081 928 H.
1121 889 1268 940 Nepos:
1302 889 1418 928 Aedis
1452 889 1586 928 Martis
1620 895 1679 928 est
1711 891 1750 927 in

217 959 321 996 circo
356 957 546 995 Flaminio
580 956 835 995 architectata
869 955 915 994 ab
949 955 1192 994 Hermodoro
1227 955 1448 994 Salaminio.

575 1077 646 1113 DE
679 1077 810 1114 VITA
843 1076 894 1113 M.
922 1075 1081 1113 TVLLI
1117 1074 1396 1113 CICERONIS

342 1168 382 1212 l.
422 1173 516 1211 Gell.
545 1172 631 1210 ΧΓ
654 1172 720 1219 28,
744 1172 766 1209 1
802 1170 1008 1209 Cornelius
1043 1169 1171 1221 Nepos
1205 1177 1242 1208 et
1270 1182 1402 1208 rerum
1430 1171 1642 1208 memoriae
1675 1182 1753 1207 non

218 1238 430 1288 indiligens
471 1243 509 1276 et
541 1237 588 1275 M.
616 1236 819 1275 Ciceronis
857 1242 900 1274 ut
933 1237 998 1286 qui
1039 1236 1207 1273 maxime
1246 1236 1395 1273 amicus
1434 1235 1636 1274 familiaris
1670 1236 1753 1273 suit.

219 1310 335 1354 atque
369 1304 403 1341 is
436 1309 566 1341 tamen
599 1303 639 1340 iu
672 1301 863 1340 librorum
896 1303 1035 1352 primo,
1069 1313 1166 1352 quos
1200 1300 1246 1339 de
1279 1301 1361 1339 uita
1390 1300 1496 1339 illius
1523 1302 1754 1352 composuit,
1775 1314 1808 1339 15

220 1381 374 1407 errasse
413 1368 589 1419 uidetur,
629 1380 718 1406 eum
758 1380 847 1406 eum
887 1368 1042 1417 scripsit
1084 1372 1165 1405 tres
1205 1371 1243 1404 et
1280 1367 1422 1416 uiginti
1461 1378 1583 1404 annos
1619 1372 1752 1404 natum

220 1436 391 1485 primum
432 1446 589 1472 causam
627 1433 764 1471 iudicii
796 1432 943 1484 publici
978 1433 1104 1483 egisse
1139 1432 1379 1482 Sextumque
1411 1431 1596 1469 Roscium
1628 1432 1753 1482 parri-

223 1500 314 1539 cidii
348 1512 459 1538 reum
495 1499 728 1537 defendisse.

342 1562 418 1605 ssss.
460 1566 626 1604 Hieron.
655 1571 801 1604 eontra
835 1565 976 1603 Iocum.
1005 1565 1202 1602 Hierosol.
1230 1576 1262 1602 e.
1291 1564 1357 1602 12.
1398 1564 1449 1602 II
1465 1577 1508 1613 p.
1536 1564 1622 1601 419
1659 1564 1754 1602 Ῑάἰῖ.

221 1631 356 1670 Refert
395 1632 499 1669 euim
540 1630 746 1669 Cornelius
785 1629 915 1681 Nepos
955 1642 995 1667 se
1036 1634 1242 1680 praesente
1280 1628 1421 1667 iisdem
1454 1641 1577 1680 paene
1610 1628 1754 1679 uerbis,
1776 1642 1809 1666 πο

221 1696 365 1748 quibus
391 1696 494 1735 edita
521 1701 591 1747 est,
624 1708 709 1734 eam
742 1707 812 1746 pro
840 1694 1033 1744 Cornelio,
1067 1694 1253 1733 seditioso
1281 1693 1452 1745 tribuno,
1486 1694 1753 1732 defensionem

221 1767 454 1813 peroratam.

311 1883 381 1920 EX
414 1881 688 1920 EPISTVLIS
723 1879 955 1918 CORNELI
987 1879 1215 1917 NEPOTIS
1251 1880 1320 1917 AD
1356 1878 1664 1917 CICERONEM

347 1973 388 2018 l.
422 1977 609 2015 Laetam.
632 1979 721 2014 mal.
746 1976 818 2013 III
840 1976 906 2024 15,
930 1975 986 2013 10
1024 1974 1153 2025 Nepos
1181 1974 1387 2013 Cornelius
1419 1973 1466 2012 ad
1499 1972 1664 2012 eundem
1695 1972 1755 2011 (li-

224 2055 407 2081 ceronem
441 2044 493 2080 ita
525 2041 686 2079 scrihit:
719 2041 888 2079 Tantum
921 2040 1041 2091 abest,
1074 2046 1118 2079 ut
1151 2053 1220 2091 ego
1253 2041 1479 2090 magistram
1508 2051 1594 2077 esse
1621 2044 1754 2089 putem

317 2156 408 2239 '7⁸26-
436 2157 507 2191 Est
525 2161 650 2192 uotum
670 2157 839 2200 templum
859 2168 880 2189 α
903 2157 1023 2190 Bruto
1044 2155 1204 2190 Callaico
1224 2166 1291 2189 cos.
1308 2154 1487 2196 138J616;
1512 2153 1557 2196 cf.
1581 2154 1758 2188 Muenzer

222 2217 258 2250 p.
281 2208 326 2239 302
358 2234 363 2239 .

349 2320 382 2354 1.
416 2320 557 2366 nepost
589 2317 695 2353 codd.
711 2319 836 2363 prael,
860 2316 897 2352 Β
1016 2317 1168 2364 primus
1202 2316 1240 2352 Β
1333 2317 1368 2351 3.
1402 2314 1578 2351 luniense
1612 2314 1650 2350 Β

346 2372 422 2428 25,
460 2380 494 2414 o.
528 2377 678 2425 potoris
707 2376 744 2412 Β
896 2376 933 2411 8.
966 2376 1121 2423 spinteu
1155 2375 1259 2412 Rlce.
1305 2375 1454 2423 spisten
1484 2374 1588 2411 Voss.

230 2440 294 2475 10.
329 2436 575 2486 longitudine
612 2435 711 2482 only.

348 2492 425 2546 26,
464 2498 526 2532 11.
561 2495 675 2533 aedes
709 2495 828 2532 Rern.
984 2496 1047 2531 12.
1083 2493 1271 2531 areiteeta
1304 2494 1443 2530 Bamb.
1472 2505 1506 2529 a.
1533 2503 1630 2530 corr.

228 2556 430 2593 ermodoro
459 2555 641 2602 Luydzm.
677 2553 856 2591 ermodro
881 2554 1054 2599 Sansyall.
1149 2553 1377 2590 *dominio
1405 2553 1532 2589 Paris.
1554 2552 1583 2588 I
1604 2564 1639 2589 α.
1660 2562 1755 2588 corr.

229 2614 480 2652 salamininio
516 2614 654 2651 Bamb.
688 2613 881 2651 solamino
913 2612 1031 2659 San-(1.

351 2669 393 2724 1,
430 2675 493 2711 15.
528 2686 644 2721 quem
677 2673 722 2709 de
756 2673 914 2720 11¹e9.H
1017 2671 1141 2721 ipsius
1182 2671 1286 2709 Voss.
1308 2670 1344 2707 Z
1490 2671 1552 2707 17.
1586 2670 1755 2718 primum

229 2734 320 2771 Par.
354 2734 522 2781 primam
556 2735 632 2769 cett.
661 2732 766 2770 codd.

351 2787 394 2842 1,
430 2794 495 2829 24.
529 2805 600 2841 ego
633 2804 703 2829 om.
734 2791 879 2828 Valent.
