1842 3133
545 112 578 145 l).
609 111 909 145 CALPVRNIVS
939 112 1139 145 BIBVLVS
1481 128 1604 156 vau

78 223 124 261 ab
157 223 282 260 Attico
316 235 358 261 ea
388 224 480 273 petit
511 226 586 269 (ad
612 225 689 261 All.
712 224 826 261 A'JJJ
849 224 906 267 δ’),
935 223 1140 274 eidemque
1163 224 1450 263 Fannianorum
1474 221 1546 277 (fr.
1571 228 1606 263 Ι.

78 290 135 326 ad
158 290 237 326 Aa.
260 289 351 326 XII
375 289 411 329 5,
433 290 471 337 3,
505 300 535 326 a.
557 284 806 341 4t31s708stj),
834 288 1134 338 l'olybianorum
1163 289 1369 327 Plutarcho
1393 292 1526 331 (la-ns.
1549 292 1606 338 4),

77 352 350 391 Coelianorum
380 354 447 402 (s'r.
473 355 514 397 2)
545 355 674 391 nescio
703 366 779 403 quo
806 366 898 391 casu
932 355 1047 392 etiam
1085 354 1131 392 ad
1159 354 1378 393 Charisium
1414 358 1606 405 peruenit.

503 485 544 521 L.
581 484 846 522 CALPVRNI
856 484 913 520 VS
948 485 1175 522 BIBVLVS

195 578 305 616 Bruti
343 580 475 617 uitrici
516 580 725 616 memoriae
766 578 963 616 consuluit
1002 580 1118 616 etiam
1158 581 1383 630 priuignus7
1418 583 1605 619 minimus

75 648 167 681 natu
202 644 383 694 liliorum,
416 657 513 694 quos
546 644 681 681 Porcia
711 645 833 694 priori
862 645 1001 681 marito
1028 644 1075 681 M.
1098 644 1307 694 Calpurnio
1336 646 1474 685 Bibulo
1507 642 1603 699 (cos.

75 721 106 745 a.
140 705 327 761 bilstilsslffl
362 715 585 759 pepererat,
631 710 697 759 qui
743 721 831 746 cum
882 710 1054 759 primum
1100 722 1237 760 agmen
1291 724 1335 748 ex
1382 712 1469 749 Asia
1516 726 1604 750 runi

75 773 310 824 Rhascupoli
344 775 381 812 in
416 774 682 811 Macedoniam
718 773 910 823 duxisset,
951 786 1102 824 pugnae
1136 775 1378 826 Philippensi
1415 779 1604 828 interluit,

73 844 156 876 tuin
196 840 233 876 iu
274 839 400 877 insula
440 839 567 877 Thaso
607 840 764 877 Antonii
804 841 960 877 ueniam
1000 841 1245 891 impetrauit,
1292 841 1432 880 deinde
1472 843 1518 881 ab
1559 856 1603 881 eo

74 903 188 941 classi
234 905 456 955 praefectus
503 910 581 954 est,
628 904 797 955 denique
844 906 1065 955 praetorius
1110 911 1197 955 post
1243 919 1387 945 annum
1433 906 1603 946 34s72o

74 968 222 1019 legatus
256 969 388 1020 Syriae
423 971 505 1019 suit,
539 969 605 1008 ubi
640 969 711 1007 sub
746 976 900 1020 tempus
934 982 1087 1020 pugnae
1120 971 1298 1010 Actiacae
1332 978 1511 1011 mortuus
1546 980 1604 1012 est

73 1036 304 1081 (Drumann
341 1036 391 1073 II
409 1048 452 1084 p.
482 1036 566 1073 105
586 1038 674 1083 sq).
728 1035 920 1073 Libellum
961 1035 1156 1086 quendam
1196 1038 1281 1075 eius
1327 1041 1600 1077 commentari-

72 1112 183 1137 orum
212 1100 322 1138 Bruti
349 1100 581 1139 Plutarchus
608 1100 715 1139 Brut.
742 1098 793 1138 13
822 1103 1146 1139 ctuumemorauit
1168 1098 1279 1154 (Καί
1306 1117 1345 1141 τι
1379 1103 1602 1154 βιβλίδιον

71 1163 230 1216 μικρὸν
268 1163 728 1217 ἀπομνημονευμάτων
767 1164 971 1217 Βρούτου
1012 1164 1316 1218 γεγραμμένον
1354 1165 1429 1207 ὑπ’
1466 1167 1602 1208 αὐτοῦ

71 1227 344 1283 διασώζεται)
374 1236 411 1269 et
443 1231 632 1282 quaedam
666 1244 710 1269 ex
746 1233 803 1270 eis
836 1233 1020 1281 inseruit,
1060 1245 1157 1282 quae
1192 1233 1238 1271 ad
1278 1235 1600 1273 consuetudinem

71 1297 207 1333 matris
235 1297 445 1347 uitricique
473 1298 682 1347 pertinent.
736 1297 896 1334 t'orsitan
924 1298 1041 1335 etiam
1069 1297 1139 1335 alia
1169 1298 1344 1337 eiusdem
1371 1302 1528 1349 generis
1556 1313 1601 1338 ex

70 1362 127 1398 eis
149 1362 232 1399 siue
255 1363 350 1412 ipsis
378 1363 462 1400 siue
485 1374 554 1412 per
577 1362 695 1400 alium
717 1368 916 1400 auctorem
938 1364 1130 1412 originem
1154 1362 1308 1413 ducant,
1329 1365 1453 1403 ueluti
1481 1379 1511 1403 c.
1537 1364 1601 1404 13.

70 1425 285 1465 Clementia
325 1428 446 1477 igitur
483 1428 640 1465 Antonii
680 1429 764 1466 eius
804 1429 990 1478 pietatem
1030 1441 1106 1466 nou
1147 1431 1385 1479 repressisse
1431 1430 1600 1469 uidetur.

484 1558 526 1595 P.
554 1558 878 1596 VOLVMNIVS.
936 1560 1183 1597 EMPYLVS

187 1652 229 1690 In
270 1652 428 1690 cohorte
467 1654 596 1703 ipsum
636 1653 682 1691 M.
717 1653 882 1691 Brutum
923 1666 1048 1704 usque
1094 1654 1140 1692 ad
1186 1657 1301 1693 tinem
1343 1661 1500 1694 secutus
1541 1662 1598 1694 est

69 1717 107 1755 P.
136 1717 375 1768 Volumnius,
409 1719 476 1768 qui
508 1718 766 1769 philosophus
798 1718 981 1769 idemque
1015 1719 1307 1758 contubernalis
1341 1722 1424 1759 eius
1459 1723 1496 1759 in
1530 1723 1600 1759 mi—

69 1782 150 1820 litia
190 1782 235 1820 ab
277 1785 387 1821 initio
427 1796 446 1821 a
486 1783 694 1821 Plutarcho
734 1784 804 1833 (fr.
834 1785 877 1831 I)
919 1784 1079 1834 dicitur,
1125 1790 1165 1823 ut
1213 1785 1315 1823 idem
1356 1786 1476 1824 fuisse
1524 1800 1599 1825 11011

10 1885 14 1888 ,
70 1849 241 1898 potuerit
280 1854 395 1899 atque
422 1848 653 1887 Volumnius
692 1849 853 1887 Flaccus
896 1849 1098 1887 familiaris
1138 1850 1179 1889 D.
1210 1850 1321 1889 Bruti
1354 1853 1458 1898 (Cle.
1487 1854 1543 1890 as]
1569 1853 1598 1902 s.

69 1914 139 1951 XI
161 1914 227 1961 12,
251 1915 298 1955 1,·
327 1914 392 1962 18,
414 1915 471 1961 I).
524 1914 559 1952 Is
593 1916 875 1952 commentario
909 1920 1076 1953 mortem
1110 1917 1226 1954 amici
1260 1929 1349 1954 cum
1383 1918 1528 1967 pietate
1563 1924 1595 1956 et

68 1980 322 2017 ueneratione
361 1985 593 2029 persecutus
633 1985 707 2030 est,
748 1992 862 2030 quam
903 1986 1051 2030 gratam
1092 1983 1321 2019 memoriam
1367 1982 1599 2021 Plutarchus

69 2045 233 2094 arripuit
282 2046 642 2096 contaminauitque
690 2058 779 2083 cum
818 2045 865 2083 M.
894 2045 1037 2084 Valerii
1076 2046 1278 2085 Messallae
1318 2046 1479 2085 Coruini
1520 2060 1598 2086 me-

68 2110 210 2158 moria,
255 2111 331 2147 nisi
380 2111 455 2148 iam
507 2109 604 2148 alius
650 2116 786 2148 auctor
825 2112 860 2149 ei
912 2111 1011 2149 hanc
1063 2124 1221 2162 operam
1270 2111 1598 2151 sulnninistrauit.

69 2186 158 2212 nam
198 2180 236 2212 et,
274 2175 379 2213 solus
419 2177 503 2213 61115
543 2177 814 2214 auctoritatem
855 2176 1067 2226 appellauit
1101 2182 1139 2215 et.
1171 2179 1387 2215 narrationi
1421 2190 1524 2228 suae,
1559 2179 1597 2215 111

69 2240 212 2277 ceteris
258 2239 375 2278 rebus
420 2253 543 2291 paene
589 2240 636 2278 ad
680 2241 846 2279 uerbum
893 2254 981 2279 cum
1015 2242 1189 2293 Appiano
1229 2244 1469 2293 concinenti,
1513 2245 1597 2281 61115

68 2316 276 2354 personam
310 2302 610 2360 inte1·posuit,‘·');
644 2308 774 2357 itaque
807 2312 965 2357 praeter
997 2307 1102 2345 locos
1136 2308 1446 2357 fragmentorum
1479 2310 1595 2346 etiam

69 2381 111 2407 ea
146 2382 243 2420 quae
278 2376 497 2421 sequuntur
530 2371 575 2409 de
597 2371 800 2410 Volumnio
829 2385 917 2410 cum
950 2372 1128 2410 Dardano
1162 2373 1326 2410 satellite
1361 2379 1394 2410 et
1434 2373 1479 2411 de
1514 2374 1597 2411 Sta-

68 2434 151 2472 tilio
191 2423 419 2485 speculandi
458 2448 574 2474 causa
612 2438 833 2487 progressis
875 2437 1055 2488 dictoque
1090 2437 1257 2488 quodam
1290 2437 1399 2476 Bruti
1442 2438 1487 2476 de
1529 2440 1593 2476 siti

188 2562 219 2603 1)
248 2560 353 2602 Quod
380 2561 625 2597 Boota.h.1.
648 2564 790 2597 Brutus
822 2575 864 2597 ex
890 2563 1042 2597 Fannio
1069 2562 1244 2606 coniecit,
1278 2563 1420 2597 citandi
1456 2575 1594 2598 morem

66 2612 274 2657 ignoraui&
307 2625 393 2648 nam
424 2625 468 2649 ex
501 2615 642 2649 Fannio
676 2627 742 2650 sua
774 2616 929 2650 Brutum
963 2615 1164 2660 sumpsisse
1198 2616 1323 2650 Cicero
1357 2617 1449 2651 dicit
1481 2617 1595 2652 etiam

68 2677 150 2699 eum
178 2666 326 2710 scripsit
353 2669 496 2702 Brutus
521 2673 552 2702 et
578 2669 755 2703 Fannius
779 2671 821 2702 ut
847 2669 888 2703 fr.
912 2674 931 2703 2
959 2671 1102 2704 Brutus
1128 2674 1160 2704 et
1189 2670 1338 2704 Coelius.

186 2724 218 2753 21
249 2720 360 2764 lel.
382 2721 415 2754 (I.
438 2721 536 2755 Plut.
555 2733 592 2765 p.
616 2724 685 2756 137
699 2734 770 2766 sqq.
805 2722 840 2756 C.
864 2722 1086 2756 Wiehmann
1122 2723 1178 2757 De
1207 2724 1304 2757 I’lut.
1331 2724 1368 2757 111
1397 2725 1461 2758 uit.
1485 2726 1592 2759 Brut.

67 2771 99 2801 et
126 2768 285 2801 Antonii
309 2769 399 2810 font.
422 2780 460 2812 p.
482 2771 529 2802 42
542 2780 613 2813 sqq.

1255 2830 1287 2863 V
