1842 3133
186 100 270 142 150
371 98 516 134 VITAE
543 97 680 133 AVCT.
703 99 734 132 A
761 96 1030 132 TREBELLIO
1058 97 1120 132 ET
1147 98 1177 131 A
1203 95 1403 131 VOPISCO
1429 95 1546 131 NOM.

304 211 408 250 Idem
431 210 520 249 dicit
542 210 714 261 auspicia
736 210 892 260 imperii
908 208 1118 247 Aureliano
1139 208 1233 247 haec
1251 208 1390 247 fnisse:
1411 209 1581 260 primum
1598 210 1713 259 pueri

186 279 269 316 eius
302 276 458 328 peluem
493 280 717 326 serpentem
751 274 983 326 plerumque
1018 275 1188 313 cinxisse
1215 287 1342 326 neque
1375 286 1559 325 umquam
1587 274 1712 313 occidi

182 343 367 394 potuisse,
406 346 604 392 postremo
646 341 771 391 ipsam
812 346 996 391 matrem,
1037 352 1135 391 quae
1173 339 1247 378 hoe
1284 339 1455 391 uiderat,
1489 345 1713 391 serpentem

182 409 290 459 quasi
333 406 561 445 familiarem
601 405 781 444 occidere
821 405 1006 444 noluisse.
1057 405 1118 444 his
1158 405 1309 444 accedit
1343 405 1447 457 quod
1480 417 1525 443 ex
1558 404 1712 457 palliolo

182 484 398 524 purpureo,
438 471 541 523 quod
581 471 660 509 Soli
699 472 759 510 sui
800 472 987 522 temporis
1025 472 1240 522 imperator
1280 470 1492 522 optulerat,
1531 470 1712 510 sacerdos
1752 485 1766 510 5

182 538 324 577 mulier
357 536 570 588 crepundia
605 537 683 575 filio
725 537 866 575 secisse
899 535 1140 587 perhibetur.
1195 535 1301 575 addit
1333 537 1450 575 etiam
1482 536 1578 575 illud
1612 536 1714 588 quod

182 606 358 642 uinctum
394 602 558 641 fasceola
585 602 839 640 Aurelianum
873 601 1001 653 aquila
1034 603 1192 640 innoxie
1228 601 1273 640 de
1307 602 1419 640 cunis
1451 601 1645 641 leuauerit
1677 607 1716 641 et,

183 671 220 707 in
268 681 372 707 arani
418 669 605 719 posuerit,
651 680 749 719 quae
790 669 896 706 iuxta
935 667 1122 706 sacellum
1162 668 1261 706 sorte
1301 668 1385 706 sine
1424 667 1581 718 ignibus
1620 672 1714 706 erat.

183 734 286 773 idem
327 739 464 773 auctor
501 740 561 772 est
598 733 769 772 uitulum
808 734 925 771 matri
965 734 1049 771 eius
1088 738 1222 772 natum
1261 734 1382 771 mirae
1420 732 1715 784 magnitudinis,

183 800 393 838 candidum
427 799 495 837 sed
528 798 837 850 purpurantibus
870 798 1047 849 maculis,
1080 799 1132 837 ita
1164 804 1208 837 ut
1236 798 1398 837 haberet
1423 799 1463 836 111
1491 798 1610 837 latere
1637 811 1714 837 11110
1737 812 1769 837 10

183 863 270 904 taue
298 863 538 916 imperator',
568 865 607 902 in
637 864 710 903 alio
738 876 934 903 coronam.
974 864 1095 903 multa
1122 864 1320 915 superflua
1348 865 1387 902 in
1415 863 1551 902 eodem
1573 863 1715 914 legisse

182 944 242 970 me
269 931 442 980 memini,
470 931 614 981 quippe
643 931 708 981 qui
737 929 959 968 adseruerit
985 931 1101 968 etiam
1130 942 1237 967 rosas
1265 931 1305 968 in
1333 929 1507 968 eiusdem
1538 929 1715 968 mulieris

183 997 317 1034 chorte
350 1001 439 1035 nato
473 995 680 1034 Aureliano
715 996 843 1034 exisse
876 1007 1108 1046 purpureas,
1142 994 1273 1033 odoris
1307 996 1421 1045 rosei,
1453 995 1562 1033 ssoris
1595 996 1715 1034 aurei.

183 1063 341 1100 suerunt
374 1066 412 1100 et
444 1066 578 1113 postea
611 1061 731 1099 multa
766 1061 895 1099 omina
929 1061 1005 1099 iam
1038 1060 1243 1099 militantis
1277 1061 1411 1111 futuri,
1444 1066 1487 1099 ut
1518 1072 1580 1099 res
1606 1073 1715 1099 mon·

183 1128 333 1178 strauit,
366 1128 533 1178 imperii.
580 1139 667 1165 nam
701 1126 948 1177 ingrediente
983 1138 1028 1164 eo
1055 1126 1299 1164 Antiochiam
1327 1127 1366 1164 in
1393 1125 1586 1177 uehiculo,
1613 1126 1715 1177 quod
1737 1139 1769 1165 15

182 1205 276 1244 prae
308 1191 473 1231 uulnere
502 1198 595 1231 tunc
623 1204 723 1243 equo
751 1191 889 1230 sedere
918 1204 996 1230 non
1022 1197 1166 1243 posset,
1194 1193 1246 1230 ita
1274 1191 1434 1243 pallium
1460 1204 1716 1243 purpureum,

184 1257 287 1309 qnod
331 1259 372 1296 in
417 1258 563 1296 honore
609 1258 693 1295 eius
741 1269 906 1308 pansum
953 1257 1097 1303 fuerat,
1140 1256 1302 1308 decidit,
1348 1262 1390 1295 ut
1434 1268 1592 1295 umeros
1632 1257 1716 1295 eius

185 1328 344 1373 tegeret.
397 1329 435 1361 et
474 1336 561 1361 cum
601 1324 640 1360 in
675 1335 820 1373 equum
853 1323 1021 1361 transire
1054 1322 1192 1374 uellet,
1227 1323 1317 1374 quia
1349 1322 1590 1361 inuidiosum
1624 1327 1717 1361 tune

185 1394 267 1427 erat
298 1388 493 1427 uehiculis
526 1389 565 1426 in
599 1389 758 1427 ciuitate
792 1389 860 1439 uti,
895 1400 1020 1439 equus
1054 1393 1114 1427 est
1146 1389 1182 1427 ei
1215 1389 1465 1439 imperatoris
1496 1387 1716 1439 adplicitus,

185 1455 246 1492 rui
279 1466 350 1505 per
382 1454 671 1492 festinationem
704 1453 859 1492 insedit.
913 1453 981 1492 sed
1020 1453 1087 1492 ubi
1121 1454 1329 1505 comperit,
1364 1458 1488 1492 semet
1521 1453 1567 1491 ad
1601 1466 1715 1492 suum
1736 1467 1769 1491 20

185 1519 395 1558 transtulit.
448 1519 532 1557 data
578 1524 638 1557 estv
682 1520 718 1557 ei
762 1524 983 1570 praeterea,
1023 1532 1111 1557 cum
1151 1519 1300 1569 legatus
1343 1518 1389 1557 ad
1428 1518 1567 1557 Persas
1609 1519 1717 1570 isset,

184 1590 334 1636 patera,
374 1584 498 1635 qualis
539 1584 638 1623 solet
676 1584 981 1636 imperatoribus
1016 1584 1098 1623 dari
1131 1598 1151 1623 a
1184 1597 1276 1635 rege
1308 1584 1536 1635 Persarum,
1570 1585 1608 1622 in
1642 1597 1717 1635 qua

184 1650 405 1701 insculptus
439 1656 522 1688 erat
556 1649 619 1688 Sol
653 1663 697 1688 eo
731 1650 877 1701 habitu,
912 1663 987 1701 quo
1015 1649 1216 1689 colebatur
1243 1650 1288 1688 ab
1317 1662 1362 1688 eo
1390 1649 1546 1701 templo,
1573 1651 1612 1688 in
1641 1662 1716 1701 quo

184 1721 311 1753 mater
362 1716 445 1753 eius
498 1716 623 1754 fuerat
675 1715 869 1754 sacerdos.
932 1716 1096 1754 donatus
1142 1715 1269 1754 eidem
1315 1717 1431 1754 etiam
1484 1715 1715 1766 elephantus

185 1782 439 1831 praecipuus,
479 1794 595 1831 quem
634 1780 699 1819 1110
738 1782 965 1832 imperatori
1005 1781 1164 1832 optulit,
1204 1781 1388 1832 solusque
1428 1781 1601 1819 omnium
1637 1782 1715 1832 pri·
1737 1795 1769 1818 25

185 1852 299 1885 uatus
332 1846 564 1885 Aurelianus
598 1846 796 1897 elephanti
831 1846 1011 1885 dominus
1046 1848 1128 1886 fuit.

803 2024 1100 2072 THEOOLII

309 2140 349 2184 l.
393 2145 483 2193 Vos).
512 2145 610 2183 Aur.
639 2145 676 2192 6,
703 2144 731 2182 3
784 2144 932 2182 Priuati
972 2144 1089 2182 huius
1129 2143 1380 2193 [Aureliani]
1418 2143 1539 2182 multa
1585 2149 1715 2183 extant

187 2210 341 2259 egregia
383 2210 565 2247 savium-a.
611 2222 698 2247 nam
733 2216 984 2260 erumpentes
1019 2209 1214 2247 Sarmatas
1247 2210 1285 2246 in
1321 2208 1472 2259 lllyrieo
1511 2222 1599 2247 rum
1641 2214 1716 2247 tre-

188 2275 312 2313 centis
353 2274 622 2325 praesidiariis
662 2274 767 2313 solus
807 2274 978 2313 adtriuit.
1031 2275 1152 2313 refert,
1191 2273 1416 2324 Theoclius,
1457 2274 1715 2313 Caesareano-

309 2407 343 2443 7.
377 2406 590 2443 fasoeolum
616 2406 704 2444 Pa.
725 2418 753 2444 e.
891 2408 927 2444 9.
961 2408 1138 2443 auctores
1171 2405 1242 2443 uit.
1269 2406 1306 2442 P
1323 2418 1358 2443 (1.
1379 2417 1406 2443 e.
1546 2407 1609 2442 11.
1643 2418 1716 2442 aue

188 2467 404 2513 imperator
429 2466 684 2503 Kellerbauer
717 2468 831 2504 auetr
857 2466 893 2502 P
909 2478 943 2503 (1.
966 2478 994 2504 c.
1022 2478 1095 2503 aue
1122 2465 1270 2503 Peorr.
1362 2467 1404 2502 in
1430 2465 1554 2502 altero
1578 2464 1717 2502 Novdk

188 2525 301 2571 Listgs
331 2526 443 2562 1884
464 2538 506 2572 1).
527 2526 615 2563 203
740 2526 804 2562 12.
837 2538 897 2562 me
931 2525 1020 2563 add.
1042 2525 1209 2573 Lessing]
1319 2524 1517 2562 adseuerit
1542 2524 1579 2560 P
1607 2524 1714 2562 adse-

188 2585 310 2621 ruerit
338 2585 537 2621 Baehrens
565 2584 769 2622 adseueret
794 2585 1015 2632 Petschenig}
1168 2585 1232 2621 14.
1263 2585 1455 2621 militanti
1479 2583 1583 2631 moly.

193 2645 256 2679 17.
291 2656 505 2691 expansum
531 2640 588 2681 1³³
711 2646 776 2681 21.
809 2644 998 2681 transtuli
1025 2644 1061 2680 P
1077 2656 1111 2681 α.
1133 2656 1161 2681 c.
1286 2645 1350 2681 22.
1385 2642 1632 2692 imperatoris
1658 2643 1695 2680 P

191 2703 256 2739 23.
289 2703 492 2740 instulitus
519 2703 555 2739 P
571 2716 605 2741 (ι.
627 2715 656 2741 c.
691 2704 865 2753 sculptus
891 2704 1113 2751 Petschenig)

313 2757 354 2811 l,
390 2763 453 2798 27.
488 2762 674 2811 priuatim
702 2764 738 2800 P
885 2764 949 2801 29.
983 2763 1085 2800 refer
1104 2762 1192 2800 Pa.
1213 2774 1241 2800 c.
1363 2761 1469 2800 Theo
1504 2760 1622 2799 Chius
1654 2761 1716 2799 uel
