1842 3133
560 107 606 140 M.
629 106 831 141 TVLLIVS
858 107 1028 142 CICERO
1520 124 1565 153 XI

36 219 260 258 diuidendis
299 218 473 257 habitam
513 231 532 256 e
573 220 681 257 curia
722 219 939 269 egredienti
974 217 1276 258 ‘adulescentes'
1317 220 1456 270 gladiis
1496 223 1566 259 mi-

34 290 145 324 natos
166 285 312 323 esseio
340 285 564 323 narratione
592 282 906 339 p1·aetermisit.¹)
947 285 1015 324 sed
1042 291 1199 336 praeter
1224 286 1294 324 hos
1323 285 1418 324 duos
1448 286 1567 338 locos,

35 352 101 402 qui
140 350 211 388 soli
250 351 366 388 citato
406 349 533 387 indice
575 349 621 388 ad
661 349 770 389 illum
810 350 1012 389 Ciceronis
1052 351 1196 389 librum
1236 351 1414 402 redeunt,
1448 354 1564 390 etiam

35 416 120 454 aliis
161 428 180 453 a
219 415 474 453 Plutarcho
514 428 600 453 esse
640 417 680 453 in
720 428 852 454 usum
898 422 1097 454 uocatus
1144 416 1320 467 uidetur,
1363 417 1409 455 ad
1449 430 1566 468 quenl

35 493 123 519 eum
152 485 189 519 et
216 479 344 519 studio
370 481 543 519 uitarunl
576 479 622 518 ab
657 482 763 531 ipsis,
798 493 965 532 quorum
999 483 1099 520 uitas
1132 481 1370 533 illustrabat,
1404 484 1566 534 scripta-

34 559 121 585 rum
161 551 199 584 et
237 557 418 584 sermone
453 544 601 583 Graeco
642 545 787 584 deferri
826 548 1049 597 proximum
1090 552 1182 586 erat.
1234 547 1297 585 hic
1332 547 1491 598 quidem
1525 549 1563 586 in

34 612 234 650 Ciceronis
260 612 340 649 uita
367 624 399 649 0.
425 608 584 649 10-22
612 612 923 650 coniurationem
952 611 1140 651 Catilinae
1174 625 1339 651 narrans
1374 618 1411 651 et
1433 614 1565 652 Crassi

34 676 223 716 indicium
257 678 309 715 ita
342 676 493 715 rettulit
526 677 688 727 (0215),
721 682 763 715 ut
795 679 835 715 in
868 677 933 715 illo
973 677 1073 715 libro
1107 680 1327 729 expositum
1361 691 1448 717 esse
1481 680 1566 730 ipse

34 744 73 780 in
113 742 243 780 Crassi
282 743 362 780 uita
403 744 454 788 (c.
474 742 548 789 13)
589 741 833 793 prodiderat,
873 748 910 781 et
948 755 1065 794 saepe
1105 756 1194 782 cum
1235 744 1436 782 Ciceronis
1470 744 1565 782 locis

34 807 268 859 quibusdam
301 808 522 846 orationum
556 808 737 858 concinit,
772 820 868 859 quas
902 821 991 847 rum
1024 808 1278 847 Plutarchum
1304 822 1381 848 non
1413 809 1460 848 ad
1493 810 1566 848 hoc

34 873 280 924 peruoluisse
326 877 632 911 consentaneum
677 874 744 924 sit,
788 873 853 911 hie
901 886 1118 912 consensus
1166 874 1212 912 ab
1259 876 1343 913 eius
1388 874 1565 913 historiis

36 938 272 990 repetendus
312 943 386 988 est,
426 937 465 976 id
504 937 607 988 quod
650 940 829 977 certatim
871 939 984 977 multi
1028 936 1456 994 demmstraueruntfl)
1509 940 1565 978 Cf.

34 1004 132 1042 Plut.
161 1017 191 1042 c.
222 1001 276 1042 10
302 1017 337 1041 ιι.
364 1001 458 1054 lsq.
493 998 572 1056 (ed.
601 1003 786 1042 Sintenis.
814 1000 923 1058 mai.)
947 1023 990 1035 =
1013 1006 1053 1042 in
1080 1005 1204 1043 Vatin.
1232 1003 1269 1056 2,
1292 1003 1329 1044 6.
1362 1007 1403 1044 111
1436 1005 1565 1044 Pison.

38 1067 71 1119 1,
94 1067 137 1121 33
170 1082 206 1107 u.
231 1066 283 1107 13
313 1088 355 1099 =
383 1070 421 1106 in
453 1074 539 1119 toga
573 1068 682 1107 caud.
706 1082 764 1120 ap.
786 1069 924 1108 Ascon.
952 1083 987 1121 p.
1010 1067 1065 1108 82
1093 1069 1213 1123 K.-S.;
1246 1084 1283 1109 u.
1308 1068 1360 1109 19
1376 1084 1431 1122 sq.
1455 1090 1498 1101 =
1527 1073 1566 1109 in

35 1136 114 1173 Cat.
136 1135 167 1172 Il
194 1132 233 1185 4,
250 1132 287 1173 8.
321 1147 390 1185 pro
418 1134 518 1172 Cael.
541 1131 578 1185 5,
604 1132 674 1186 12,
708 1130 760 1188 (c.
785 1133 850 1185 11,
873 1132 898 1173 9
914 1147 969 1186 sq.
991 1155 1034 1165 =
1056 1136 1141 1174 Asc.
1165 1148 1244 1186 arg.
1266 1148 1321 1174 or.
1349 1138 1390 1174 in
1417 1141 1504 1187 toga
1533 1150 1565 1175 e.

34 1213 69 1251 p.
94 1196 184 1254 733)
219 1212 250 1237 c.
275 1198 340 1250 14,
364 1197 418 1238 14
445 1219 487 1230 =
516 1201 554 1237 in
589 1199 697 1238 Catil.
719 1200 769 1238 ΙΙΙ
797 1198 834 1251 8,
859 1198 923 1239 18.
976 1214 1114 1252 poema
1148 1201 1194 1240 de
1228 1214 1333 1240 cons.
1363 1201 1408 1240 de
1444 1202 1566 1241 diuin.

34 1266 49 1304 Ι
73 1263 137 1316 11,
156 1263 226 1317 17,
248 1278 284 1304 u.
303 1262 354 1303 18
372 1278 454 1316 sqq.
468 1284 510 1295 =
526 1277 596 1316 pro
612 1265 708 1304 Mur.
725 1263 792 1317 25,
808 1263 860 1304 51
877 1279 945 1318 sq.;
966 1279 1003 1305 u.
1020 1264 1076 1305 30
1092 1279 1174 1318 sqq.
1191 1287 1233 1297 =
1249 1280 1285 1318 p.
1298 1267 1395 1306 Mur.
1411 1266 1479 1319 26,
1492 1266 1566 1320 52,

35 1344 66 1369 c.
97 1328 161 1382 16,
193 1328 245 1369 18
261 1344 344 1381 sqq.
367 1350 409 1360 =
438 1332 476 1369 in
505 1330 584 1369 Cat.
612 1331 625 1369 Ι
662 1329 698 1382 7,
724 1329 776 1369 16
810 1327 877 1384 (cs.
906 1332 937 1370 ll
965 1330 1003 1383 6,
1027 1328 1119 1386 12),
1158 1346 1194 1371 ιι.
1217 1330 1272 1371 22
1300 1352 1344 1363 z
1372 1334 1411 1371 in
1446 1334 1525 1372 Cat.
1550 1334 1562 1372 l

35 1393 74 1447 5,
99 1394 169 1448 10,
212 1410 243 1435 c.
268 1394 334 1447 17,
358 1394 410 1434 18
428 1409 510 1447 sqq.
533 1416 575 1426 =
598 1397 637 1435 in
665 1396 744 1435 Cat.
766 1397 816 1435 Ill
843 1395 882 1447 4,
904 1395 947 1449 9,
991 1410 1021 1436 0.
1047 1395 1112 1449 18,
1134 1396 1158 1436 9
1175 1412 1257 1449 sqq.
1280 1418 1323 1428 Ξ
1346 1400 1386 1437 111
1414 1399 1493 1438 Cat.
1514 1399 1565 1437 lll

34 1459 73 1512 4,
90 1459 132 1514 8,
157 1459 228 1514 10,
256 1461 306 1499 III
328 1459 425 1513 2,-1,
448 1458 472 1500 5
490 1475 592 1514 sqq.;
620 1476 650 1500 c.
676 1460 740 1512 19,
759 1460 780 1500 7
798 1481 840 1492 =
863 1464 902 1501 in
931 1462 1010 1501 Cat.
1032 1463 1083 1501 III
1110 1461 1148 1514 ὃ,
1165 1461 1266 1516 8,11.
1291 1461 1346 1502 10
1361 1477 1443 1515 sqq.
1460 1484 1502 1494 ——-
1526 1466 1564 1503 in

36 1528 114 1566 Cat.
136 1527 187 1566 111
214 1524 252 1578 5,
276 1525 329 1565 12
345 1540 400 1578 sq.
429 1527 513 1566 coll.
535 1525 574 1578 4,
596 1525 640 1580 8,
674 1526 712 1578 6,
736 1524 845 1582 153)
910 1528 1102 1568 accedunt
1135 1530 1253 1568 etiam
1287 1529 1372 1567 alia.
1406 1542 1495 1568 nam
1529 1536 1563 1568 et

37 1605 133 1644 quae
179 1592 411 1631 Plutarchus
454 1594 506 1640 (c.
539 1594 612 1640 19)
654 1599 743 1644 post
787 1595 1012 1633 coniuratos
1058 1596 1261 1633 conuictos
1302 1596 1342 1632 in
1388 1595 1565 1633 aedificio

37 1660 151 1697 amici
196 1657 399 1696 cuiusdam
441 1659 563 1697 uicini
609 1671 742 1697 secum
789 1658 1074 1698 deliberantem
1119 1659 1348 1699 Ciceronem
1401 1660 1566 1711 induxit,

36 1736 134 1775 quae
180 1723 357 1762 facienda
403 1729 551 1774 essent,
594 1723 772 1763 breuiter
811 1724 1039 1763 adumbrata
1078 1725 1141 1764 illa
1181 1739 1200 1764 a
1239 1725 1423 1764 Sallustio
1457 1727 1563 1772 (Cal.

37 1790 148 1838 Μὴ]
170 1791 259 1840 sq),
305 1790 463 1827 omnino
508 1789 677 1828 rhetoris
723 1795 846 1828 artem
888 1790 1068 1829 redolent
1109 1796 1146 1829 et
1191 1790 1295 1842 quod
1340 1790 1564 1830 Terentiam

36 1867 197 1893 uxorem
231 1856 342 1906 quasi
369 1854 534 1905 Egeriae
566 1867 734 1906 persona
767 1855 895 1894 induit
922 1857 974 1903 (c.
995 1857 1083 1904 20).
1136 1862 1218 1895 tum
1246 1857 1448 1895 Ciceronis
1482 1856 1565 1895 laus

157 2018 188 2061 1)
215 2016 311 2051 Plut.
340 2016 441 2051 Caes.
464 2020 482 2050 8
527 2020 642 2052 Τοῦτο
676 2017 743 2061 μὲν
776 2018 843 2052 οὐκ
876 2014 962 2052 οἶδα
995 2015 1092 2057 ὅπως
1125 2017 1143 2052 ὁ
1171 2017 1356 2061 Κικέρων,
1391 2018 1491 2062 εἴπερ
1520 2016 1565 2064 ἦν

38 2068 187 2114 ἀληθές,
215 2067 254 2104 ἐν
281 2073 329 2116 τῷ
355 2070 439 2114 περὶ
465 2076 528 2115 τῆς
554 2069 734 2111 ὑπατείας
760 2071 827 2105 οὐκ
855 2070 1028 2115 ἔγραψεν.

156 2132 190 2174 2)
216 2129 360 2164 Heeren
388 2131 445 2164 De
469 2131 559 2173 font.
582 2131 679 2165 Plut.
702 2143 736 2175 p.
760 2134 838 2164 185.
884 2130 921 2164 P.
944 2130 1182 2165 Weizsi'zcker
1207 2131 1245 2165 in
1272 2131 1452 2166 Fleckeis.
1481 2143 1564 2166 ann.

38 2187 101 2217 111
131 2195 165 2227 p.
187 2186 384 2217 417—428.
431 2183 471 2218 E.
494 2183 680 2227 Schmidt,
713 2185 770 2218 De
798 2184 980 2219 Cicerones
1012 2187 1265 2220 conmentario
1299 2185 1341 2220 dc
1373 2187 1566 2221 consulatu

41 2237 175 2271 Graece
200 2237 333 2280 scripto
360 2249 382 2271 (ι
409 2238 606 2272 Plutarcho
632 2239 672 2271 z'n
697 2238 777 2271 uita
806 2237 989 2272 Ciceronis
1018 2249 1192 2282 ezrpresso.
1239 2238 1333 2272 Diss.
1356 2238 1429 2274 Ien.
1454 2243 1565 2282 1884;

38 2289 79 2324 K.
105 2289 275 2333 Buresch,
303 2290 375 2324 Die
398 2290 546 2335 Quellcn
572 2301 617 2325 zu
644 2291 712 2325 den,
739 2291 995 2325 vorhfmdenen
1016 2292 1210 2325 Berichten
1236 2303 1305 2326 von,
1332 2292 1394 2326 der
1416 2293 1563 2328 Catil'c'n.

46 2344 323 2388 Verselzwarwny
353 2342 393 2376 in
424 2346 616 2378 comment.
645 2343 823 2378 Ribbeck.
846 2356 880 2388 p.
903 2348 1102 2388 217—234,
1130 2344 1205 2379 alii.
1228 2366 1271 2370 —
1300 2345 1435 2380 Contra
1466 2346 1566 2390 quod

39 2396 81 2431 G.
114 2396 208 2430 Smit
242 2396 414 2441 Sibinga‚
458 2398 515 2432 De
547 2398 645 2432 Plztt.
681 2399 720 2432 ιή
754 2398 824 2432 Cic.
852 2399 932 2432 uita
963 2399 1127 2441 fontibus
1159 2411 1201 2433 ((0
1239 2399 1309 2442 side
1343 2411 1432 2443 pars
1462 2402 1566 2443 prior

38 2450 181 2494 (Hagae
209 2451 324 2494 1863),
353 2460 374 2484 a
399 2449 597 2485 Plutarcho
631 2451 817 2486 orationes
850 2450 1036 2485 Ciceronis
1069 2451 1174 2485 uelut
1199 2452 1458 2487 Murenianam
1484 2465 1566 2497 per-

39 2504 218 2537 tractatas
245 2514 323 2537 esse
350 2503 412 2537 uix
438 2504 635 2547 quisquam
662 2504 797 2538 credet.

158 2566 193 2603 3)
220 2562 354 2596 Omnes
386 2562 503 2606 locos,
543 2564 677 2607 quibus
715 2563 936 2598 Plutarchus
976 2575 1059 2597 cum
1095 2564 1281 2599 Ciceronis
1312 2564 1418 2599 libris
1451 2565 1565 2599 etiam

40 2627 137 2649 nune
169 2615 399 2649 exstantibus
431 2617 636 2661 conspirat,
672 2619 845 2652 accurate
878 2617 1075 2651 adnotauit
1101 2617 1294 2652 Gudeman
1326 2619 1401 2652 The
1425 2629 1566 2654 sources

40 2669 83 2712 of
104 2670 310 2704 Plutarch's
341 2670 403 2712 life
435 2670 478 2712 of
506 2670 627 2705 Cicero
652 2683 686 2715 p.
710 2674 883 2713 66-115,
917 2681 1144 2714 quamquam
1169 2671 1234 2705 uix
1262 2673 1362 2705 reete
1390 2671 1565 2706 Suetonio

41 2732 123 2756 eum
143 2734 250 2756 usum
270 2732 349 2757 esse
370 2722 642 2757 demonstrasse
663 2723 733 2758 sibi
754 2723 856 2757 uisus
877 2725 941 2758 est.
974 2724 1069 2758 Vide
1090 2725 1187 2759 Berl.
1205 2725 1296 2768 phil.
1319 2726 1565 2759 nbc-hensehr.

43 2778 131 2808 1903
159 2775 226 2809 col.
251 2779 339 2809 1095
356 2788 433 2820 sqq.
