1842 3133
27 1466 59 1490 10

29 1965 59 1990 15

370 133 695 170 CAELESTINVS
722 155 766 160 -—
793 133 1043 168 MAEONIVS
1070 132 1332 167 ASTYANAX
1526 132 1605 172 147

81 247 271 298 meminit,
305 252 343 285 et
375 246 532 297 quidem
559 247 744 297 grauiter,
772 257 860 284 curn
888 245 997 284 illum
1025 257 1222 283 summum
1249 245 1379 283 uirum
1407 249 1445 282 et
1471 256 1607 282 neces-

81 313 226 351 sarium
260 313 317 350 rei
350 311 527 363 publicae
561 311 708 350 adserit
741 316 778 349 et
816 310 917 362 apud
956 312 1085 361 ipsum
1118 310 1291 349 Marcum
1326 308 1606 361 praeualidum.

555 524 750 571 VITAE
784 524 1122 572 AVCTORVM

127 608 169 654 A
209 607 562 655 TREBELLIO
603 608 681 654 ET
717 609 758 654 A
785 608 1041 655 VOPISCO
1082 606 1560 654 NOMINATORVM

649 714 1030 762 CAELESTINI

199 818 238 860 1.
272 822 382 861 Treb.
401 823 495 861 Poll.
515 822 596 861 Val.
611 822 650 871 8,
667 822 690 860 1
719 821 992 860 Valerianus
1019 822 1180 860 iunior
1202 843 1254 848 —
1277 834 1295 859 a
1317 825 1426 871 patre
1448 820 1607 858 absente

80 889 222 926 Caesar
254 892 313 925 est
345 887 572 938 appellatus,
605 899 625 925 a
660 888 790 938 fratre,
823 892 866 926 ut
898 887 1142 926 Caelestinus
1177 886 1282 937 dicit,
1315 887 1523 935 Augustus.

566 1017 720 1064 IVLII
762 1021 796 1063 Α
805 1017 1124 1065 THERIANI

201 1120 242 1164 1.
281 1125 392 1163 Treb.
422 1126 517 1163 Poll.
551 1128 643 1174 tris).
678 1131 753 1175 tyr.
782 1126 819 1174 6,
847 1126 873 1164 5
919 1125 1020 1164 Satis
1060 1124 1257 1163 credimus
1296 1123 1368 1162 Iuli
1407 1124 1608 1162 Atheriani

80 1195 229 1240 partem
262 1189 352 1228 libri
385 1190 587 1228 cuiusdam
620 1203 779 1241 ponere,
805 1192 844 1229 in
872 1204 948 1242 quo
976 1190 1023 1230 de
1056 1191 1301 1229 Victorino
1335 1191 1391 1228 sic
1419 1189 1607 1240 loquitur:

80 1253 312 1306 “Victorino,
352 1256 418 1306 qui
458 1255 599 1294 Gallias
644 1261 730 1306 post
769 1256 909 1294 lulium
948 1256 1203 1295 Posthumum
1249 1256 1366 1305 rexit,
1411 1256 1607 1293 neminem

80 1322 242 1359 aestimo
282 1321 597 1372 praeferendum,
636 1334 712 1360 non
750 1322 790 1359 in
823 1323 970 1360 uirtute
1003 1321 1226 1372 Traianum,
1260 1333 1337 1359 non
1370 1321 1607 1359 Antoninum

79 1387 119 1424 in
152 1385 370 1437 elementia,
403 1398 479 1424 non
507 1389 547 1425 in
576 1387 766 1437 grauitate
794 1386 977 1439 Neruam,
1008 1400 1084 1427 non
1111 1388 1151 1425 in
1178 1386 1430 1438 gubernando
1459 1387 1608 1424 aerario

80 1452 378 1503 Vespasianum,
417 1464 494 1490 non
533 1453 573 1490 in
612 1464 778 1491 censura
817 1454 936 1491 totius
974 1453 1077 1491 uitae
1117 1464 1160 1491 ac
1199 1452 1409 1490 seueritate
1448 1451 1608 1489 militari

79 1517 325 1556 Pertinacem
369 1517 433 1556 uel
478 1517 682 1556 Seuerum.
746 1517 814 1557 sed
859 1519 987 1557 omnia
1032 1518 1128 1556 haec
1172 1516 1291 1556 libido
1337 1522 1374 1555 et
1416 1516 1608 1568 cupiditas

80 1582 328 1622 mulierariae
366 1582 578 1634 uoluptatis
618 1585 674 1622 sic
713 1583 895 1635 perdidit,
927 1589 971 1622 ut
1003 1596 1117 1622 nemo
1151 1582 1290 1621 audeat
1322 1583 1490 1621 uirtutes
1524 1583 1608 1620 eius

79 1649 119 1686 in
151 1647 302 1687 litteras
334 1649 502 1700 mittere,
530 1661 645 1700 quem
674 1654 825 1687 constat
851 1650 1026 1687 omnium
1053 1648 1198 1687 iudicio
1225 1648 1418 1686 meruisse
1446 1644 1606 1698 puniri.'

466 1778 741 1825 MAEONII
779 1778 1217 1826 ASTYANACTIS

200 1882 240 1926 1.
279 1886 390 1925 Treb.
419 1887 515 1925 Poll.
543 1889 635 1935 ἶνές).
663 1891 740 1936 tyr.
770 1887 835 1937 12,
864 1887 886 1924 l
934 1886 1053 1938 Capto
1081 1886 1283 1925 Valeriano
1309 1908 1366 1912 —
1394 1898 1482 1924 cum
1522 1884 1607 1923 Gal-

82 1951 228 1989 lienum
261 1951 590 1990 contemnendum
623 1951 821 1990 Ballista
854 1952 1077 2003 praefectus
1110 1951 1305 1990 Valeriani
1336 1957 1374 1990 et
1412 1951 1607 1989 Macria-

81 2029 166 2055 nus
210 2018 361 2068 primus
407 2016 549 2055 ducum
593 2016 886 2068 intellegerent,
931 2017 1210 2068 quaerentibus
1256 2018 1371 2055 etiam
1417 2016 1608 2055 militibus

200 2142 236 2177 1.
266 2142 319 2186 Cf.
350 2142 574 2185 Gall.14‚9
618 2143 665 2177 Et
703 2142 853 2187 quidem
893 2142 1061 2187 Cecropii
1100 2143 1358 2177 Dalmatarum
1399 2142 1503 2176 (lucis
1542 2144 1609 2178 telo

82 2189 273 2223 (lanienus
295 2190 432 2224 dicitur
459 2201 536 2224 esse
563 2202 769 2235 percussus,
797 2193 838 2225 ub
864 2191 1177 2235 quidaan.1erunb,
1205 2191 1302 2224 circa
1329 2190 1608 2233 Edediolaniunn

81 2237 146 2271 ubi
185 2237 359 2271 continuo
399 2240 436 2272 et
475 2238 591 2272 frater
623 2238 701 2273 eius
728 2237 948 2272 Valerianus
982 2240 1038 2273 est
1069 2238 1323 2282 interemptus,
1359 2250 1467 2282 quem
1500 2238 1608 2272 multi

81 2285 301 2329 Augustum,
327 2285 436 2319 multi
457 2285 664 2330 Caesarem,
690 2285 798 2320 multi
826 2288 997 2320 neutrum
1024 2285 1137 2320 fuisse
1159 2285 1298 2320 dieunt.
1339 2286 1437 2329 quod
1458 2286 1609 2329 quidem

81 2332 283 2366 uerisimile
309 2344 381 2366 non
410 2335 476 2376 est,
504 2334 534 2367 si
555 2333 706 2377 quidem
733 2335 842 2377 capto
869 2333 944 2367 iam
973 2333 1172 2368 Valeriano
1200 2332 1378 2377 scriptum
1398 2333 1608 2367 inuenimus

81 2379 119 2412 in
146 2379 268 2414 fastis:
299 2380 512 2415 ‘Valeriano
539 2380 762 2425 imperatore
789 2381 967 2415 consule’.
1008 2381 1089 2424 quis
1116 2380 1232 2425 igitur
1259 2380 1353 2415 alius
1380 2381 1503 2425 potuit
1529 2391 1608 2414 esse

82 2427 314 2470 Valerianus,
347 2427 419 2461 nisi
453 2427 615 2462 Gallieni
648 2429 785 2462 frater?
825 2431 971 2462 constat
1003 2428 1047 2462 de
1080 2439 1225 2473 genere,
1260 2439 1333 2461 non
1367 2428 1456 2462 satis
1484 2430 1608 2462 tamen

83 2477 228 2509 constat
255 2475 299 2508 (le
327 2475 513 2519 dignitate
540 2476 610 2518 uel,
638 2479 679 2510 ut:
705 2478 906 2520 coeperunt
932 2475 997 2509 alii
1024 2475 1138 2519 loqui,
1166 2475 1211 2510 de
1237 2475 1444 2509 maiestate.

204 2522 239 2556 1.
267 2523 323 2556 De
351 2523 405 2556 M.
428 2524 612 2557 Pmuofnio
641 2524 823 2558 Victorino
850 2523 925 2558 uid.
949 2524 1099 2567 Prosop.
1121 2524 1194 2557 III
1212 2534 1247 2566 p.
1270 2527 1318 2557 3&
1344 2536 1379 2557 oe.
1401 2526 1482 2557 302.

201 2570 238 2604 1.
266 2570 323 2603 De
350 2570 511 2605 Ballista
537 2571 612 2605 uid.
634 2572 783 2614 Prosop.
806 2572 829 2604 1
848 2582 886 2615 p.
907 2573 981 2605 :227
1007 2583 1041 2604 u.
1064 2573 1123 2611 30¹,
1150 2571 1193 2604 de
1220 2572 1274 2605 M.
1299 2570 1440 2605 Fuluio
1469 2571 1607 2605 Μαργί-

82 2628 154 2651 cmo
180 2617 230 2650 II
244 2628 283 2661 p.
306 2620 351 2651 95
378 2629 413 2651 u,
436 2620 517 2651 374.

202 2736 244 2791 1,
280 2742 314 2778 9.
348 2742 389 2778 in
420 2752 493 2778 om.
517 2742 552 2778 P
669 2742 826 2779 norbani
857 2743 892 2779 P
1013 2744 1075 2781 10.
1110 2744 1347 2791 Uespasiano
1374 2743 1460 2779 Pa.
1484 2755 1511 2780 e.

203 2795 243 2851 l,
281 2801 344 2839 16.
378 2800 521 2838 ducum
546 2800 666 2838 Scclm.
699 2801 790 2838 dum
818 2802 854 2838 P

1328 2871 1369 2901 10

1648 1869 1713 1900 261

1638 1928 1727 1958 1014
