1842 3133
520 91 580 126 DE
608 91 768 125 GENTE
798 90 968 124 POPVLI
996 91 1186 125 ROMANI
1575 93 1625 133 15

98 203 213 242 nabat
253 205 291 242 111
332 216 467 242 earum
507 209 701 241 terrarum
737 202 925 254 partibus,
960 202 1025 240 ubi
1061 204 1227 240 maxime
1261 204 1406 241 sactum
1441 209 1512 241 631.
1557 204 1626 241 hot·

97 274 226 308 autem
266 268 459 307 diluuium
500 281 745 319 nequaqumu
786 267 832 306 ad
871 268 1088 319 Aegyptum
1128 273 1243 318 atque
1284 268 1329 306 ad
1373 269 1458 306 eius
1498 270 1627 306 uicina

98 335 290 385 peruenit.

238 396 395 441 Auyust.
422 395 465 429 (Ie
491 396 560 430 eiu.
582 396 615 430 d.
639 395 789 430 XVIII
812 397 836 428 2
869 394 1025 435 Quando
1059 405 1146 439 ergo
1184 396 1294 428 natus
1333 395 1388 427 est
1426 394 1627 435 Abraham,

144 448 296 482 secundi
329 459 434 493 reges
468 449 575 482 erant
613 449 703 493 aput
735 447 906 491 Assyrios
940 447 1076 490 Ninus,
1116 449 1206 491 aput
1239 447 1432 491 Sicyonios
1468 448 1627 492 Europs3

143 501 254 546 primi
285 503 411 535 autem
438 501 515 535 illic
542 500 664 544 Belus,
692 500 751 534 hic
779 499 978 545 Aegialeus
1005 499 1164 533 fuerunt.
1193 521 1237 524 —
1265 500 1521 544 Sicyoniorum
1548 513 1628 546 reg-

143 566 231 588 num
253 556 341 588 tunc
362 555 596 600 [temporibus
615 555 686 596 1111·ιῖ
706 554 817 598 Neij
839 553 992 587 tenebat
1013 552 1178 587 Telxion.
1215 564 1288 597 quo
1310 556 1489 597 regnante
1512 565 1627 597 usque

144 607 236 642 adeo
269 607 323 641 ibi
356 608 464 642 mitia
496 610 532 642 et
564 607 665 641 laeta
696 608 865 651 tempora
896 606 1063 649 fuerunt,
1091 608 1133 640 ut
1159 617 1242 640 eum
1275 606 1494 641 defunctum
1525 607 1628 641 uelut

143 661 253 694 deum
285 661 449 695 colerent
487 660 728 695 sacrificando
766 662 803 694 et
836 659 944 693 ludos
978 658 1219 702 celebrando,
1254 671 1345 703 quos
1379 662 1416 694 et
1454 660 1627 705 primitus

44 729 75 752 10
143 713 335 748 institutos
356 714 489 748 ferunt.
529 726 556 748 c.
579 717 611 748 3.
634 735 676 738 -
700 713 891 746 Abraham
913 733 954 737 —-
977 712 1174 746 defunctus
1196 714 1252 747 est
1273 713 1516 757 regnantibus
1538 717 1628 758 aput

142 767 313 811 Assyrios
339 767 452 801 Xerse
479 767 543 801 illo
570 766 781 810 antiquiore
806 788 848 790 —
876 767 914 799 et
948 767 1041 810 aput
1074 765 1264 810 Sicyonios
1292 766 1488 810 Thuriaeo,
1517 779 1624 811 quem

142 820 295 863 quidam
316 821 596 866 [Hieronymus]
618 819 909 854 Thurimachum
930 819 1109 863 scribunt,
1137 819 1305 864 septimis
1327 820 1487 864 regibus.
1529 821 1624 864 Regu

142 886 230 907 num
257 876 383 908 autem
409 873 633 919 Argiuorum
660 873 769 908 simul
797 884 880 907 cum
907 872 1077 907 Abrahae
1104 873 1304 917 nepotibus
1332 875 1454 907 ortum
1476 875 1542 917 631,
1563 875 1626 907 ubi

142 927 282 972 primus
308 927 484 972 regnauit
507 927 679 962 Inachus.

44 1000 74 1025 15
218 981 325 1025 llss.
359 987 527 1034 Auyust.
551 988 600 1024 de
627 989 704 1024 Ciu.
727 987 762 1024 d.
784 985 943 1023 XVIII
964 986 991 1022 3
1024 984 1125 1022 Sane
1160 984 1262 1035 quod
1296 986 1627 1035 praetercundum

96 1063 173 1089 11011
207 1051 291 1101 fuit,
325 1052 442 1089 etiam
474 1056 567 1102 aput
600 1050 827 1102 sepulcrum
861 1051 1018 1101 septimi
1053 1052 1114 1088 sui
1147 1051 1251 1100 regis
1285 1050 1471 1088 Thuriaci
1506 1053 1625 1089 sacri-

96 1117 213 1155 fic-are
248 1116 451 1167 Sicyonios
485 1116 612 1155 solere
645 1117 765 1154 Varro
799 1116 932 1154 refert.
960 1139 1016 1142 —-

237 1177 304 1211 His
336 1177 564 1222 temporibus
598 1177 754 1212 Graecia
786 1177 853 1210 sub
889 1177 1080 1211 Phoroneo
1106 1176 1281 1221 Argolico
1314 1188 1400 1221 rege
1433 1177 1558 1221 legum
1591 1180 1627 1212 et

142 1230 365 1265 iudiciorum
398 1231 622 1275 quibusdam
656 1230 790 1265 clarior
821 1230 923 1265 facta
956 1232 1012 1264 est
1044 1230 1239 1264 institutis.
1298 1230 1468 1275 Phegous
1501 1233 1627 1266 tamen

43 1298 75 1322 20
142 1283 258 1318 frater
282 1284 393 1318 huius
419 1284 602 1319 Phoronei
635 1284 758 1318 iunior
785 1296 867 1318 cum
895 1286 992 1318 esset
1024 1286 1208 1327 mortuus,
1237 1284 1284 1317 ad
1311 1283 1389 1318 61113
1418 1284 1627 1329 sepulcrum

142 1337 324 1382 templum
356 1340 412 1372 est
439 1338 699 1381 constitutum,
727 1340 763 1371 in
796 1349 868 1382 quo
896 1337 1078 1372 coleretur
1103 1338 1146 1371 ut
1178 1337 1268 1371 deus
1302 1338 1340 1371 et
1365 1337 1399 1371 ei
1419 1338 1534 1372 boues
1560 1337 1627 1371 im-

142 1391 379 1426 molarentur.
421 1390 537 1425 Credo
564 1391 702 1425 honore
730 1392 836 1425 tanto
857 1391 942 1425 ideo
964 1390 1120 1435 dignum
1140 1392 1331 1435 putarunt,
1353 1391 1441 1435 quia
1462 1392 1500 1425 in
1521 1392 1625 1436 regni

144 1445 201 1479 sui
225 1447 332 1490 parte
360 1447 480 1490 (pater
506 1444 642 1490 quippe
670 1445 752 1479 loca
779 1444 959 1479 ambobus
987 1444 1247 1487 distribuerat,
1276 1444 1313 1478 in
1340 1444 1474 1489 quibus
1503 1456 1544 1479 eo
1571 1445 1626 1479 ui-

145 1500 254 1532 uente
281 1500 505 1544 1·egna1·ent‚)
537 1499 607 1533 iste
641 1498 779 1533 sacella
811 1498 1057 1533 constituerat
1089 1497 1137 1532 ad
1170 1497 1344 1532 colendos
1377 1498 1464 1531 deos
1498 1500 1535 1532 61
1564 1498 1626 1532 do-

43 1565 75 1590 25
143 1554 270 1586 cuerat
296 1552 487 1586 obseruari
513 1554 682 1597 tempora
707 1563 773 1597 per
798 1562 943 1586 menses
971 1553 1084 1596 atque
1111 1562 1238 1594 6111103,
1265 1551 1356 1595 quid
1382 1562 1507 1585 eorum
1536 1563 1626 1595 qua-

142 1607 251 1640 tenus
277 1606 498 1640 metirentur
523 1607 636 1650 atque
661 1607 909 1640 numerarent.
936 1605 1029 1640 haec
1055 1606 1094 1639 in
1121 1616 1163 1639 eo
1190 1616 1287 1639 noua
1313 1605 1491 1639 mirantes
1517 1606 1626 1640 rudes

144 1659 265 1693 adhuc
291 1659 460 1694 homines
486 1662 603 1694 morte
631 1660 734 1694 obita
761 1660 870 1693 deum
898 1670 977 1693 esse
1003 1659 1146 1693 factum
1174 1659 1253 1693 siue
1275 1658 1419 1703 opinati
1441 1660 1526 1693 sunt
1547 1659 1626 1693 siue

143 1712 351 1748 uoluerunt.
391 1724 478 1747 nam
500 1714 537 1747 et
556 1713 594 1747 Io
621 1713 698 1747 filia
724 1712 852 1747 Inachi
878 1712 993 1746 fuisse
1020 1712 1248 1757 perhibetur,
1277 1723 1372 1756 quae
1398 1715 1530 1756 postea
1555 1712 1623 1746 Isis

145 1766 336 1811 appellata
361 1768 404 1800 ut
427 1777 565 1812 magna
593 1767 662 1801 dea
688 1766 789 1801 culta
815 1768 871 1800 est
898 1766 937 1800 in
963 1767 1152 1810 Aegypt03
1180 1766 1352 1809 quamuis
1374 1765 1439 1799 alii
1461 1766 1625 1800 scribant

43 1832 77 1856 30
145 1830 225 1854 eam
247 1830 289 1854 ex
304 1819 505 1864 Aethiopia
525 1819 562 1853 in
579 1821 792 1865 Aegyptum
812 1819 959 1854 uenisse
979 1819 1158 1864 reginam,
1180 1821 1217 1853 et
1237 1819 1335 1863 quod
1357 1819 1433 1853 late
1454 1819 1624 1863 iusteque

143 1873 402 1918 imperauerit,
429 1873 556 1917 eisque
582 1873 701 1907 multa
728 1873 921 1908 commoda
948 1874 985 1906 et
1011 1872 1156 1907 litteras
1183 1872 1405 1915 instituerit,
1437 1873 1536 1906 hunc
1562 1873 1626 1906 ho-

144 1937 271 1961 norem
305 1926 362 1960 1111
394 1926 566 1961 habitum
599 1938 677 1961 esse
711 1927 897 1969 diuinum,
930 1928 1177 1971 posteaquam
1210 1926 1262 1959 ibi
1294 1928 1441 1960 mortua
1480 1927 1553 1969 est,
1590 1928 1627 1960 et

144 1981 291 2014 tantum
322 1980 517 2023 honorem,
549 1982 592 2014 ut
617 1980 772 2025 capitali
799 1980 951 2014 crimine
978 1991 1061 2014 reus
1088 1980 1209 2022 fieret,
1237 1980 1267 2013 si
1295 1980 1377 2023 quis
1404 1990 1485 2013 eam
1512 1979 1625 2014 fuisse

145 2033 333 2068 hominem
360 2034 508 2068 diceret.

217 2140 281 2175 10.
309 2142 390 2175 Hoc
414 2143 461 2184 fr.
483 2143 676 2176 continuat
701 2141 748 2183 fr.
772 2144 818 2176 7⁶.
843 2163 885 2166 -—
908 2152 949 2175 eo
977 2141 1076 2185 quod
1098 2162 1140 2165 —
1162 2140 1335 2185 peruenit
1359 2152 1434 2174 non
1460 2141 1509 2174 ad
1535 2141 1624 2175 Var-

96 2199 218 2222 ronem
242 2189 401 2223 redeunt.

218 2239 248 2270 7.
280 2236 422 2270 Tertius
446 2247 511 2270 γεω
541 2237 696 2278 Telchio,
723 2241 875 2281 quartus
901 2237 1006 2280 Apis,
1031 2241 1153 2270 seoetus
1180 2237 1371 2280 Aeyydrus
1396 2237 1559 2279 fuerunt.

218 2283 280 2317 11.
309 2283 429 2318 Secuta·
458 2288 544 2317 sunt
574 2284 795 2318 Theo-mcum
829 2284 929 2327 apud
964 2284 1154 2328 Sicyonios
1191 2284 1417 2326 Leucippus,
1455 2282 1627 2326 Cephisus

100 2331 217 2373 (apud
243 2331 508 2376 Hieronymum
535 2331 763 2374 Messapus),
790 2331 949 2371 Erectus,
982 2331 1216 2372 Plemfnaeus,
1246 2330 1466 2374 Orthopolis,
1494 2331 1624 2365 Mara-

100 2378 207 2418 thius,
235 2378 446 2420 Marathus,
473 2378 678 2423 Echyreus,
707 2379 838 2421 Coo-aas,
864 2379 1049 2422 Epopeus,
1082 2378 1304 2419 Laomedon,
1338 2378 1490 2422 Sicyon,
1516 2378 1625 2421 Poly-

99 2425 176 2466 bus,
202 2425 374 2467 Inachus,
401 2426 588 2467 Phaestus,
615 2426 811 2468 Adrastus,
840 2427 1046 2471 Polypz'des,
1075 2426 1261 2470 Pelasgus,
1288 2426 1511 2469 Zeuatrippus.

220 2472 316 2507 Ordo
341 2484 461 2517 <requam
485 2473 711 2518 Aryiuormn
736 2474 794 2507 hic
812 2474 904 2516 fnit:
929 2474 1100 2515 Imtch'us,
1122 2473 1343 2513 Phoroneus,
1365 2474 1470 2516 Apis,
1490 2473 1626 2517 Arous,

101 2520 263 2561 Criasas,
289 2520 463 2562 Phorbas,
488 2521 653 2563 Triopas,
682 2521 868 2564 Crotopus,
896 2521 1093 2563 Sthenelus,
1120 2521 1292 2562 Danaus,
1313 2521 1492 2565 Lynceus,
1513 2521 1626 2561 Abas,

99 2568 264 2609 Proteus,
290 2568 467 2601 Acrisius.

222 2685 298 2741 10,
335 2692 370 2728 7.
403 2691 546 2739 telsyon
578 2707 602 2728 α
697 2693 761 2728 11.
794 2691 973 2740 tyriacho
1001 2693 1021 2729 b
1071 2692 1251 2740 thyriaco
1284 2707 1344 2741 ρα
1440 2693 1503 2730 12.
1536 2692 1625 2739 thy-

100 2749 289 2788 rimacum
323 2751 418 2801 ὂρα
