1842 3133
644 101 679 136 C.
703 101 891 135 ASINIVS
918 100 1087 135 POLLIO
1407 101 1462 129 Lx
1470 100 1630 129 XXXVII

217 215 358 265 Restat,
392 220 434 252 ut
461 226 658 264 quaeram,
687 225 784 264 quos
819 212 981 256 libros
1006 213 1049 249 111
1084 212 1288 249 historia
1323 223 1401 248 sua
1436 210 1630 247 Asinius

97 280 275 318 adiisse
308 278 509 329 uideatur,
550 291 677 329 neque
715 279 818 316 enim
852 277 1034 315 omnibus
1068 276 1186 314 rebus
1220 275 1312 314 belli
1346 275 1475 314 ciuilis
1510 276 1630 312 inter-

98 345 179 383 fuit.
222 344 331 383 uelut
363 344 493 382 facere
527 356 603 382 11011
637 345 774 395 potuit,
808 344 903 393 quin
932 342 1111 380 Caesaris
1147 341 1192 379 de
1221 341 1321 379 bello
1350 340 1498 378 Gallico
1526 352 1630 378 com-

96 411 309 448 mentarios
331 409 556 448 consuleret
577 409 756 460 quamuis
779 409 925 446 acriter
948 407 993 445 de
1016 408 1073 445 eis
1095 406 1274 445 iudicans
1291 404 1361 457 (fr.
1378 407 1437 455 4),
1460 410 1630 443 exstant-

97 488 171 526 que
206 474 307 525 apud
340 474 593 513 Plutarchum
628 486 764 512 eorum
798 474 965 523 uestigia
998 470 1101 523 (uid.
1135 473 1168 510 T
1169 473 1314 511 honre!
1342 484 1380 520 p.
1409 471 1494 509 ‚352
1515 468 1630 520 sqq),

96 552 173 578 11110
212 540 296 578 loco
337 541 453 578 etiam
492 539 661 578 laudatio
702 544 740 577 et
779 537 879 589 apud
918 538 1023 575 hunc
1063 542 1101 575 et
1139 536 1242 588 apud
1281 537 1501 587 Appianum
1542 548 1631 574 cum

96 605 265 643 Tanusio
288 604 452 642 Gemino
481 606 689 642 coniuncta
711 605 812 651 (aad.
831 617 869 652 μ.
891 617 1040 640 Lxxxx]
1059 604 1147 650 sq.).
1183 607 1316 640 contra
1340 602 1504 651 Augusti
1526 614 1630 639 com-

96 671 311 708 mentarios
345 669 391 707 ab
420 670 552 707 Asinio
587 668 782 707 adhibitos
810 680 896 706 esse
927 667 1177 705 liornemann
1204 680 1246 716 st.
1276 667 1361 705 652
1375 679 1457 715 sqq.
1486 666 1630 704 frustra

98 735 367 773 demonstrare
397 739 559 772 conatus
588 739 657 784 est,
686 733 725 772 id
758 733 861 784 quod
890 738 1111 783 temporum
1139 733 1289 770 ratione
1317 736 1484 782 uetatur,
1513 733 1630 770 etiam

98 800 143 838 de
177 799 354 838 Messalla
389 805 423 838 et
452 799 657 838 Volumnio
693 797 826 837 dubito
859 796 962 849 (uid.
982 811 1026 847 st.
1050 811 1192 835 LXXXII
1208 795 1282 848 sq.)
1316 801 1432 847 atque
1473 798 1511 834 111
1544 798 1630 834 11111-

96 877 256 904 uersum
291 877 378 903 eum
412 865 596 903 historias
631 877 675 902 ex
711 865 899 902 memoria
933 862 996 901 uel
1024 875 1093 901 sua
1120 862 1183 901 uel
1211 861 1389 911 aliorum,
1417 863 1483 912 qui
1511 863 1631 899 inter-

98 930 276 980 fuissent,
311 931 578 980 composuisse
613 942 684 981 per
718 942 758 967 se
792 930 878 967 ueri
913 927 1039 966 simile
1074 940 1160 966 esse
1195 932 1333 966 statuo.

216 995 606 1045 Fragmentorum
647 994 817 1045 denique
857 1006 1100 1044 numeruS,
1139 998 1181 1031 ut
1221 994 1471 1031 coniecturas
1517 994 1630 1030 omit-

99 1066 240 1110 tamus,
286 1059 495 1098 admodum
541 1061 705 1111 exiguus
751 1065 810 1098 est
855 1060 1029 1110 itemque
1075 1063 1233 1109 praeter
1279 1057 1353 1096 duo
1403 1063 1631 1108 argumenta

97 1127 239 1163 tenuia.
291 1138 380 1163 nam
421 1127 492 1163 etsi
534 1125 581 1163 ad
620 1126 878 1164 constantiam
912 1125 1054 1174 Asinii,
1094 1136 1194 1174 quae
1227 1125 1342 1161 etiam
1377 1123 1631 1161 historiarum

97 1190 307 1229 acerbitate
349 1190 538 1241 elucebat,
578 1192 705 1242 primo
739 1189 1019 1240 confugiebant
1045 1190 1112 1240 qui
1141 1190 1349 1227 uictricem
1376 1201 1534 1227 causam
1563 1189 1632 1227 toti

97 1257 208 1306 sequi
242 1252 446 1309 nollentI),
481 1255 667 1306 paulatim
707 1261 837 1293 tamen
871 1255 954 1293 laus
988 1256 1073 1293 eius
1107 1255 1301 1292 sermonis
1336 1259 1373 1292 et
1406 1253 1525 1304 Liuii,
1565 1255 1632 1304 qui

97 1321 259 1359 forsitan
305 1333 350 1359 eo
395 1333 490 1359 usus
537 1322 604 1371 sit,
644 1321 765 1359 lactea
805 1320 983 1359 ubertate
1023 1332 1109 1359 esse
1149 1319 1355 1358 obscurata
1395 1319 1556 1357 uidetur
1596 1325 1629 1357 et

97 1386 417 1425 increbrescente
464 1386 720 1424 admiratione
767 1385 987 1436 Ciceronis,
1033 1390 1168 1423 contra
1208 1397 1323 1435 quem
1367 1384 1534 1422 obnixus
1575 1390 1631 1422 est

97 1450 136 1489 C.
170 1452 327 1489 Asinius
367 1450 498 1489 Gallus
533 1447 630 1504 (cos.
659 1448 835 1504 8s746),
876 1463 964 1489 cum
1004 1451 1120 1488 etiam
1162 1449 1283 1488 libros
1324 1447 1386 1487 ‘de
1432 1462 1632 1500 compara-

99 1517 201 1555 tione
236 1518 357 1567 patris
385 1522 423 1555 et
450 1515 667 1555 Ciceronis'
697 1518 821 1567 (Ple'n.
844 1529 902 1566 ep.
934 1517 1016 1553 ΓΠ
1036 1516 1074 1563 4,
1096 1514 1142 1560 3,)
1168 1515 1372 1565 scriberet,
1406 1514 1474 1553 sed
1502 1516 1632 1565 potius

97 1581 406 1632 indignationem
447 1581 765 1620 aduersariorum
801 1581 988 1619 Pollionis
1022 1582 1239 1631 suscitauit,
1272 1585 1316 1618 ut
1348 1581 1440 1631 imp.
1469 1579 1632 1629 Claudii,

98 1648 163 1697 qui
197 1646 388 1697 peculiari
422 1646 521 1685 libro
556 1644 666 1685 ‘satis
700 1645 868 1685 erudite’
898 1646 1128 1684 Ciceronem
1163 1645 1355 1684 aduersus
1384 1644 1536 1683 Gallum
1568 1645 1632 1683 de-

98 1711 222 1750 fendit
256 1713 382 1762 (Suet.
420 1713 557 1750 Claud.
586 1713 674 1763 il),
721 1712 892 1750 Senecae
928 1718 1005 1761 (ej).
1034 1712 1130 1759 100,
1156 1712 1210 1762 ἶ),
1257 1710 1488 1755 Quintiliani
1521 1708 1637 1762 (XII

100 1778 135 1825 l,
160 1777 212 1814 ‘22
250 1777 300 1825 cf.
325 1778 423 1815 Plin.
446 1790 503 1826 ep.
536 1778 617 1815 ΓΠ
639 1778 676 1825 4,
699 1778 734 1815 (ἶ,
768 1778 862 1816 Gell.
886 1777 1019 1815 XVII
1041 1777 1078 1823 I,
1101 1777 1160 1820 l).
1206 1777 1273 1826 qui
1300 1781 1429 1814 tamen
1464 1776 1632 1826 antiqui-

97 1843 187 1880 tatis
221 1843 415 1880 sermonis
450 1842 706 1880 studiosiores
746 1848 869 1892 erant,
903 1841 951 1880 ad
979 1841 1152 1880 Sallustii
1179 1842 1402 1879 uiuaciores
1436 1840 1556 1879 libros
1591 1853 1631 1879 se

99 1907 392 1957 conuertebant,
427 1920 515 1945 cum
550 1907 706 1958 Graeci,
740 1913 783 1945 ut
816 1920 878 1945 res
912 1906 957 1944 ab
993 1920 1036 1946 eo
1073 1911 1253 1945 narratae
1287 1911 1632 1957 cognoscerentur,

99 1971 287 2010 Graecam
324 1974 688 2023 interpretationem
722 1973 980 2023 praeferrent.
1033 1971 1102 2010 sed
1136 1984 1224 2010 cum
1263 1972 1348 2022 ipso
1387 1973 1474 2010 uiro
1515 1972 1631 2009 etiam

98 2037 193 2075 haec
226 2039 265 2075 in
298 2037 537 2076 obliuionem
571 2034 736 2091 uenitff)
784 2051 877 2076 num
910 2037 1072 2087 Plinius,
1105 2038 1172 2088 qui
1206 2037 1383 2075 Asinium
1416 2036 1631 2075 Pollionem

99 2103 137 2140 in
181 2102 308 2141 indice
355 2103 443 2141 libri
471 2112 535 2141 VII
576 2102 701 2141 adfert
735 2108 849 2153 atque
890 2104 928 2141 iu
969 2115 1014 2141 eo
1054 2104 1078 2151 ξ
1116 2099 1198 2140 115
1241 2103 1325 2140 eius
1371 2101 1631 2140 bibliothecae

98 2169 288 2218 meminit,
333 2169 437 2218 ipsas
482 2168 667 2206 historias
713 2169 958 2219 excerpserit
1007 2169 1217 2206 nescimus.
1287 2167 1449 2206 ultimus
1495 2179 1630 2205 eorum

99 2233 349 2283 scriptorum,
383 2235 450 2284 qui
477 2233 524 2271 ad
551 2246 621 2272 nos
648 2235 918 2284 peruenerint,
945 2235 1050 2284 ipsas
1077 2233 1202 2271 Asinii
1229 2233 1413 2271 historias
1442 2234 1480 2270 111
1509 2233 1631 2270 mani-

99 2296 171 2335 bus
203 2297 388 2337 hahuisse
423 2298 634 2337 Suetonius
667 2298 842 2349 uidetur,
883 2297 984 2349 apud
1023 2310 1139 2348 quem
1176 2303 1333 2349 praeter
1372 2297 1476 2336 locos
1511 2299 1548 2335 in
1586 2299 1629 2336 fr.

100 2374 305 2401 numerum
349 2368 527 2414 receptos
562 2359 619 2416 (3.
653 2359 700 2417 4)
735 2365 851 2402 etiam
891 2363 957 2402 alii
989 2375 1054 2402 eas
1088 2363 1274 2401 indicant.
1326 2362 1430 2401 unde
1463 2362 1631 2401 Priscia-

99 2439 172 2465 nus
206 2427 250 2466 fr.
279 2427 302 2466 8
337 2433 503 2466 nanctus
537 2430 597 2478 sit,
632 2441 679 2466 ne
715 2428 892 2467 diuinare
927 2428 1085 2480 quidem
1120 2424 1379 2481 possumus.3)

221 2550 253 2591 1)
279 2547 492 2592 Exaggerat
518 2548 595 2582 eius
623 2548 885 2583 auctoritatem
913 2549 1011 2592 apud
1032 2551 1198 2593 posteros
1213 2547 1389 2581 Wolfflin
1411 2548 1540 2591 Bayer.
1561 2547 1629 2582 Ak.

99 2599 180 2634 Ber.
205 2603 293 2634 1889
321 2600 392 2635 1101.
414 2601 429 2634 Ι
455 2613 490 2645 p.
513 2605 591 2636 325.

219 2656 253 2698 2)
280 2653 478 2698 Pei-peram
510 2655 610 2699 apud
643 2655 800 2689 Dionem
834 2654 987 2698 quidam
1021 2656 1121 2689 certa
1159 2653 1322 2699 uestigia
1360 2653 1476 2699 ipsius
1510 2654 1630 2688 Asinii

100 2715 178 2739 esse
204 2706 413 2742 uoluerunt.

219 2762 252 2803 32>
279 2760 357 2794 Hoc
390 2760 431 2794 fr.
461 2761 574 2795 etiam
607 2772 649 2795 ex
684 2761 933 2803 orationibus,
968 2773 1050 2795 cum
1084 2760 1228 2795 duobus
1265 2760 1348 2795 aliis
1382 2760 1472 2795 loeis
1506 2761 1552 2795 ab
1588 2771 1629 2795 eo

172 2832 249 2856 Hiet⁴
265 2832 471 2864 Rom.rel.11,
494 2833 538 2857 ed,
560 2834 679 2858 Peter.
1283 2819 1345 2854 VH
