1842 3133
594 84 640 118 M.
663 83 864 119 TVLLIVS
892 83 1061 119 CICERO
1531 99 1594 127 VII

68 198 251 235 minasset
299 198 339 234 in
384 195 656 246 laudandoque
703 208 838 234 eorum
879 196 1141 246 expectationi
1181 208 1257 233 non
1298 197 1392 234 satis
1435 196 1594 234 fecisset

68 263 144 307 (ad
163 262 260 311 fam.
283 262 309 299 I
329 262 367 310 9,
388 262 476 311 23),
504 262 577 299 etsi
605 273 715 311 opuS,
743 273 830 299 cum
859 261 1079 299 consectum
1107 266 1222 311 esset,
1256 273 1371 310 aegre
1399 261 1594 299 retinebat

68 328 144 373 (ad
167 329 245 365 Alc.
271 327 335 365 IV
355 326 414 374 8⁶²,
436 322 537 380 3).¹)
585 325 689 377 quali
723 331 852 365 autem
885 327 1015 365 animo
1049 325 1208 364 inbutus
1248 327 1317 377 ait,
1357 325 1446 364 inde
1481 326 1593 364 facile

67 391 304 443 colligimus,
344 391 447 442 quod
487 404 552 429 eos
592 391 712 430 libros
745 404 822 430 non
855 391 981 430 solum
1014 391 1061 430 ad
1094 390 1282 436 Quintum
1316 391 1477 430 fratrem
1512 396 1592 430 tum

66 469 154 496 cum
200 458 364 495 Caesare
410 457 633 495 Britanniae
682 456 827 495 bellum
880 457 1132 507 inserentem,
1184 456 1253 495 sed
1302 458 1430 508 ipsum
1475 458 1592 495 etiam

66 521 112 561 ad
145 523 422 573 imperatorem
456 523 574 571 misit,
608 523 675 572 qui
702 523 819 573 primi
846 521 936 560 libri
962 523 1089 573 prima
1115 534 1155 560 se
1183 535 1231 560 ne
1260 522 1407 561 Graeca
1434 522 1592 573 quidem

64 587 225 626 meliora
246 587 387 638 legisse
410 600 429 625 a
451 584 609 638 54s700
630 586 831 638 respondit
847 587 1046 637 (eslete'am
1069 589 1124 625 ad
1145 588 1186 634 Q.
1197 588 1252 637 fr.
1263 589 1313 626 II
1329 585 1559 639 13[l5‘2]‚2
1582 619 1592 639 ,

66 652 111 691 de
144 654 287 691 ceteris
320 654 372 691 ita
405 652 606 703 iudicauit,
639 658 682 690 ut
715 657 781 691 aut
813 664 876 691 res
904 657 969 691 aut
994 651 1212 704 χαρακτὴρ
1241 665 1331 691 eum
1359 666 1435 691 non
1464 653 1591 692 delec-

65 723 166 756 tasse
206 717 333 756 Marco
371 717 576 756 uideretur
608 719 685 764 (ad
720 718 761 764 Q.
784 718 839 767 fr.
868 718 919 756 II
946 718 1002 756 15
1021 715 1130 769 [16],
1151 719 1280 767 434).
1331 731 1406 769 quo
1446 718 1591 757 iudicio

63 784 267 834 scriptoris
300 782 472 822 studium
506 788 543 821 et
582 784 737 834 inpetus
777 784 896 821 animi
934 784 1174 822 inminutum
1213 788 1282 822 est.
1334 796 1424 822 uam
1457 796 1591 835 quam-

63 861 178 899 quam
219 848 360 887 Caesar
404 860 481 887 non
527 847 732 886 destiterat
778 846 939 899 ‘osticio,
986 847 1206 900 diligentia,
1251 847 1459 888 suauitate'
1501 862 1590 888 eum

61 915 264 965 prosequi,
310 913 466 964 Cicero,
511 913 615 964 quod
654 926 702 951 m.
732 913 841 952 Iunio
875 926 906 952 a.
929 910 1116 965 54s700‚
1156 926 1246 952 cum
1285 919 1437 953 tantum
1475 914 1590 953 modo

61 991 197 1030 poema
231 991 346 1018 suum
380 978 426 1017 de
460 978 704 1030 temporibus
737 980 819 1017 suis
853 978 899 1017 ab
933 992 978 1017 eo
1010 978 1169 1030 probari
1197 979 1383 1031 audisset,
1415 979 1589 1019 nondum

60 1045 184 1095 ipsius
217 1044 366 1083 litteras
400 1045 629 1095 accepisset,
663 1043 737 1082 sibi
769 1050 1040 1096 proposuerat,
1078 1051 1121 1083 ut
1154 1045 1511 1096 expeditionem
1544 1047 1590 1083 iu

60 1109 354 1148 Britanniam
381 1122 481 1148 anno
508 1111 686 1161 proximo
714 1111 918 1161 superiore
946 1110 1086 1149 factam
1114 1110 1318 1162 scriberet,
1345 1110 1475 1162 idque,
1496 1123 1590 1162 quo-

59 1176 164 1214 niam
198 1177 237 1214 in
271 1174 436 1214 Caesare
470 1174 632 1213 colendo
666 1180 743 1213 tam
785 1174 850 1213 diu
892 1174 1200 1227 indormiuisset,
1233 1176 1479 1227 properando
1514 1182 1589 1215 tar-

61 1240 220 1279 ditatem
253 1253 393 1280 cursus
427 1241 661 1291 corrigeret,
696 1239 801 1279 ‘cum
829 1242 958 1291 equis,
992 1246 1074 1279 tum
1103 1253 1198 1280 uero
1232 1241 1433 1293 quadrigis
1466 1244 1589 1293 poeti-

60 1304 130 1345 cis'
172 1308 248 1353 (ad
283 1307 324 1352 Q.
347 1307 402 1356 fr.
430 1307 481 1345 II
502 1303 852 1358 l3[l5‘1]‚lsq.),
894 1311 1028 1357 postea
1069 1307 1143 1345 hoc
1185 1307 1392 1346 consilium
1435 1307 1588 1346 abiecit.

59 1371 269 1410 accedebat
301 1371 404 1423 quod
431 1371 599 1417 Quintus
627 1371 673 1410 ad
699 1371 804 1410 idem
831 1377 1105 1422 argumentum
1134 1372 1325 1412 deductus
1347 1375 1590 1421 (Buecheler

65 1437 105 1483 Q.
132 1438 211 1476 Cic.
229 1437 284 1487 fr.
306 1440 475 1486 rele'q.p.
498 1438 572 1484 16)
611 1449 754 1476 uersus
793 1450 813 1475 a
853 1437 973 1476 fratre
1012 1437 1187 1489 petebat,
1227 1443 1269 1477 ut
1308 1440 1392 1490 ipse
1426 1438 1588 1490 colores,

58 1503 81 1540 i.
110 1514 140 1540 e.
169 1503 284 1553 situs,
326 1507 486 1541 naturas
528 1514 662 1541 rerum
701 1508 741 1541 et
778 1502 970 1553 locorum,
1010 1515 1158 1555 mores,
1198 1509 1335 1554 gentes
1375 1516 1395 1542 a
1431 1503 1586 1549 Quinto.

57 1568 188 1618 itaque
227 1580 362 1606 mense
397 1567 619 1619 Septembri
659 1572 696 1606 et
734 1580 849 1606 suum
887 1567 935 1606 ad
968 1568 1175 1607 Caesarem
1208 1581 1346 1620 poema
1379 1569 1519 1608 incidit
1551 1575 1588 1608 et

58 1632 159 1684 apud
193 1634 354 1672 fratrem
388 1633 434 1671 de
466 1633 667 1683 uersibus,
700 1646 798 1684 quos
829 1635 1084 1685 promiserat,
1117 1647 1252 1673 curam
1285 1640 1324 1674 et
1356 1634 1586 1674 sollicitudi-

57 1711 147 1737 nem
189 1704 350 1738 excusat
394 1701 470 1745 (ad
506 1699 547 1745 O.
571 1699 626 1749 fr.
657 1700 731 1737 III
752 1700 789 1747 I,
812 1699 890 1746 II;
921 1700 960 1748 4,
980 1700 1030 1746 4;
1063 1701 1100 1749 (i,
1122 1701 1179 1747 4).
1239 1700 1494 1739 nihilominus
1536 1714 1586 1739 m.

57 1763 271 1803 Nouembri
303 1763 351 1802 ad
384 1776 481 1815 opus
515 1776 629 1803 suum
662 1765 947 1816 intermissum,
979 1777 1027 1803 ne
1061 1764 1240 1804 Caesaris
1274 1767 1586 1817 expectationem

57 1828 174 1880 fallat,
201 1828 302 1868 redit
328 1835 367 1868 et
392 1828 506 1880 paulo
533 1835 621 1881 post
647 1834 814 1868 exeunte
842 1842 886 1869 eo
914 1842 1013 1868 anno
1041 1832 1223 1870 nuntium
1252 1836 1404 1870 certum
1430 1833 1586 1883 opperi-

58 1900 131 1945 tur,
159 1892 217 1933 ‘ut
243 1907 375 1946 suaue,
403 1894 478 1933 sihi
505 1894 665 1946 quidem
691 1901 735 1934 ut
760 1894 975 1946 uideretur,
1002 1890 1105 1943 ἔπος
1132 1896 1179 1935 ad
1206 1894 1430 1935 Caesarem'
1457 1899 1585 1936 mittat

57 1962 132 2006 (ad
161 1961 203 2007 Q.
221 1961 275 2010 fr.
297 1961 372 1999 III
392 1960 431 2009 8,
452 1961 501 2007 3,·
528 1961 565 2009 9,
588 1956 689 2015 6).2)
740 1960 942 2012 Reliquiae
976 1966 1107 2000 tamen
1140 1963 1225 2001 eius
1258 1964 1418 2001 omnino
1457 1962 1585 2001 nullae

55 2030 219 2076 exstant,
253 2024 466 2076 dubitoque
498 2038 592 2065 num
625 2027 664 2064 in
697 2025 899 2077 publicum
933 2028 1120 2078 emiserit,
1155 2027 1368 2067 deterritus
1394 2029 1584 2068 uarietate

56 2096 275 2142 temporum
309 2096 348 2129 et
380 2090 557 2130 Caesaris
590 2091 748 2143 iudicio,
781 2091 996 2143 eademque
1030 2105 1115 2131 sors
1147 2093 1306 2132 uidetur
1338 2094 1460 2132 fuisse
1492 2106 1583 2145 poe-

55 2158 170 2195 matis
204 2156 250 2195 de
284 2156 526 2207 temporibus
560 2158 653 2207 suis,
687 2170 762 2208 quo
795 2158 888 2195 item
917 2157 1055 2196 eodem
1082 2162 1259 2209 tempore
1286 2158 1392 2197 illius
1419 2161 1582 2210 gratiam

55 2227 271 2273 aucupatus
310 2226 403 2260 erat.
454 2234 544 2260 nam
582 2222 699 2261 huius
738 2234 902 2273 poeseos
941 2224 1080 2262 notitia
1119 2225 1245 2262 omnis
1285 2225 1369 2263 eius
1402 2224 1581 2275 epistulis

56 2288 280 2325 continetur
311 2286 483 2338 solisque
522 2287 701 2338 epistulis
735 2300 765 2325 a.
794 2284 963 2340 54J7OO
995 2288 1042 2326 ad
1075 2288 1117 2334 Q.
1151 2289 1313 2328 fratrem
1354 2289 1453 2328 datis
1498 2302 1582 2328 cer-

54 2357 184 2391 torum
217 2351 462 2403 quorundam
495 2352 669 2391 locorum
703 2355 1033 2405 commemoratio,
1070 2356 1260 2405 poematis
1294 2354 1341 2393 ad
1374 2354 1580 2393 Caesarem

176 2486 208 2529 1)
241 2483 347 2526 Quod
379 2483 504 2519 Cicero
536 2484 703 2520 Atticum
734 2487 813 2530 (IV
833 2489 890 2529 11,
909 2489 947 2531 2)
980 2498 1104 2522 mense
1143 2486 1249 2521 Iunio
1282 2486 1437 2521 Lucceio
1474 2499 1578 2522 suum

56 2537 221 2572 ‘librum’
251 2537 340 2571 dare
365 2536 481 2580 iubet,
508 2538 577 2572 hoc
602 2549 734 2583 poema
760 2539 874 2574 fuisse
899 2540 1058 2575 uidetur.

173 2592 207 2635 2)
233 2590 405 2625 Forsitan
437 2591 566 2625 eodem
598 2591 700 2626 iocus
732 2592 771 2627 in
809 2592 972 2637 epistula,
1005 2593 1053 2627 ad
1079 2592 1296 2628 Trebatium
1323 2593 1440 2628 ictum
1465 2594 1580 2630 missa

54 2646 113 2687 (m.
134 2644 220 2688 Apr.
243 2644 394 2689 53s701‚
421 2643 487 2678 VH
516 2649 570 2687 18,
588 2647 620 2690 1)
652 2647 805 2690 spectet.
827 2667 870 2671 ——
896 2646 999 2681 Haec
1031 2646 1104 2681 tria,
1135 2649 1311 2691 poemata
1345 2658 1365 2681 a
1398 2647 1578 2682 Teuffelio

56 2698 293 2742 (Literatury.
310 2709 348 2741 1³-
371 2700 442 2732 365
455 2701 521 2742 sq.)
550 2700 648 2733 recte
681 2699 860 2733 distincta
891 2699 1018 2735 Baiter
1045 2700 1115 2736 Cic.
1137 2712 1191 2745 op.
1214 2701 1278 2735 IX
1298 2712 1335 2745 p.
1358 2704 1427 2736 130
1442 2713 1513 2746 sqq.
1542 2703 1579 2735 et

54 2749 210 2785 Mueller
234 2751 299 2786 IV
319 2753 341 2785 3
363 2762 400 2795 p.
422 2754 493 2786 398
505 2762 577 2796 sqq.
606 2751 726 2787 denuo
753 2752 1073 2788 commiscuerunt.
