1842 3133
40 824 72 849 10

39 1151 71 1176 15

40 1481 73 1505 20

745 97 969 132 ANNALES
1567 96 1619 137 81

96 217 320 254 existimant
348 215 409 265 [P.
442 216 668 255 Terentium
697 215 874 266 Afruml,
908 215 1010 265 qnod
1046 215 1129 253 sieri
1164 214 1268 252 nullo
1302 213 1415 252 modo
1449 214 1623 264 potuisse

96 281 313 320 Fenestella
347 281 468 331 docet,
503 294 591 319 611111
624 282 728 319 111161·
761 282 878 318 tinem
906 280 1069 318 secundi
1104 280 1241 318 l'unici
1274 279 1363 317 belli
1398 284 1435 317 et
1467 280 1622 317 initium

96 348 201 386 tertii
240 353 276 385 el
318 351 432 385 natus
471 347 521 385 sit
560 351 597 385 et
636 351 825 384 mortuus,
878 358 949 383 nec
989 346 1021 383 si
1062 359 1081 383 a
1120 344 1299 383 Numidis
1345 350 1410 383 aut
1449 344 1622 382 Gaetulis

95 418 230 463 captus
263 413 323 462 sit,
357 411 404 450 ad
438 411 638 450 dominum
671 411 887 450 Romanum
922 412 1131 461 peruenire
1165 412 1350 461 potuisse,
1383 409 1488 448 nullo
1519 422 1622 448 com-

93 479 240 516 mercio
284 479 388 516 inter
436 477 589 515 Italicos
635 482 673 515 et
714 477 825 515 Afros
877 478 953 514 nisi
1003 481 1090 527 post
1139 476 1305 514 deletam
1346 475 1621 525 Karthaginem

94 548 240 593 coepto.
291 543 354 581 1116
393 555 482 581 cum
521 542 653 581 multis
694 542 890 580 nobilibus
929 541 1173 580 familiariter
1205 542 1320 592 uixit,
1355 540 1422 579 sed
1456 542 1622 579 maxime

94 621 182 647 cum
216 608 397 659 Scipione
430 608 610 646 Africano
644 613 681 646 et
713 607 752 645 C.
782 607 928 657 Laelio,
962 606 1104 657 quibus
1142 608 1257 645 etiam
1291 608 1467 657 corporis
1500 607 1623 657 gratia

94 673 323 712 conciliatus
357 675 613 713 existimatur.
665 673 767 724 quod
801 678 838 711 et
869 674 999 723 ipsum
1032 672 1250 710 Fenestella
1284 673 1428 722 arguit,
1463 676 1622 710 conten-

95 739 189 777 dens
222 744 388 790 utroque
416 740 604 777 maiorem
637 744 730 777 natu
765 739 897 776 fuisse.

214 807 318 850 10³⁶.
358 812 540 850 Fronle'n.
575 813 623 849 de
661 823 722 859 aq.
757 811 844 849 urb.
879 811 991 849 Rom.
1026 811 1052 847 I
1087 810 1111 848 7
1161 809 1253 848 Post
1297 822 1419 848 annos
1465 814 1621 847 centum

92 876 233 925 uiginti
260 881 422 927 septem,
453 875 491 914 id
524 880 580 914 est
615 888 715 914 anno
749 875 794 914 311
828 875 925 913 urbe
959 875 1114 913 condita
1148 876 1432 913 sexcentesimo
1472 880 1622 924 0613110,

94 940 175 980 Ser.
210 940 382 992 Sulpicio
422 940 540 980 Galba
581 941 705 991 [611111]
747 941 866 979 Lucio
906 940 1061 979 Aurelio
1102 940 1210 979 Cotta
1250 940 1494 991 consulibus⁷
1534 952 1623 978 611111

92 1007 238 1057 Appiae
283 1007 522 1058 Anionisque
572 1007 712 1045 (11161115
755 1012 951 1045 uetustate
998 1007 1172 1057 quassati
1216 1007 1461 1057 priuatorum
1507 1007 1622 1044 etiam

93 1071 295 1110 fraudibus
334 1073 685 1123 interciperentur,
726 1072 856 1110 datum
897 1078 954 1110 est
993 1085 1012 1110 a
1052 1077 1190 1110 senatu
1229 1073 1430 1122 negotium
1468 1071 1625 1127 Marcio,

93 1138 159 1188 qui
193 1142 274 1176 tum
300 1143 459 1188 praetor
491 1139 594 1177 inter
626 1139 734 1176 ciues
768 1139 827 1176 1115
862 1137 1026 1188 dicebat,
1060 1150 1195 1176 eorum
1224 1137 1411 1176 ductuum
1445 1137 1624 1175 reficien-

94 1202 232 1241 dorum
265 1216 309 1241 ac
341 1203 681 1242 uindicandorum.
733 1209 771 1242 et
803 1205 987 1254 quoniam
1013 1204 1303 1242 incrementum
1330 1202 1440 1241 urbis
1468 1204 1624 1253 exigere

92 1268 301 1307 uidebatur
345 1269 573 1320 ampliorem
615 1268 773 1307 modum
814 1281 953 1320 aquae⁷
994 1268 1121 1308 eidem
1159 1268 1385 1307 mandatum
1426 1281 1445 1306 a
1486 1273 1623 1306 senatu

94 1340 169 1386 651,
207 1340 250 1373 ut
283 1340 456 1386 curaret,
495 1337 680 1386 quatinus
717 1335 810 1373 alias
844 1348 963 1386 aquas
997 1348 1093 1386 quas
1124 1339 1259 1386 posset
1292 1335 1331 1372 in
1364 1334 1504 1372 urbem
1536 1346 1623 1385 per-

94 1400 256 1440 duceret
282 1431 408 1440 .....
437 1404 602 1450 priores
649 1400 788 1439 ductus
834 1403 1025 1452 restilzce't,
1075 1402 1231 1439 tertiam
1276 1399 1353 1438 illis
1398 1399 1623 1438 uberiorem

93 1469 134 1505 in
156 1468 293 1505 urbem
311 1466 516 1517 perduxit,
544 1467 606 1505 cui
629 1465 674 1504 ab
697 1472 853 1504 auctore
875 1465 1043 1504 Marciae
1064 1479 1206 1505 nomen
1234 1471 1305 1504 est.
1340 1465 1506 1516 legimus
1533 1470 1625 1516 aput

93 1531 353 1570 Fenestellam
386 1533 426 1570 in
458 1532 554 1570 haec
587 1544 704 1583 opera
737 1531 881 1569 Marcio
916 1531 1117 1585 decretum
1152 1533 1378 1571 sestertium
1406 1531 1534 1569 milies
1561 1543 1623 1568 06-

94 1599 305 1648 tingenties
327 1602 375 1647 61,
397 1598 581 1648 quoniam
607 1597 654 1636 ad
682 1597 1032 1636 consummandum
1059 1599 1259 1648 negotium
1286 1609 1363 1635 non
1392 1596 1624 1647 sufficiebat,

95 1664 262 1714 spatium
295 1668 502 1714 praeturae
536 1664 575 1701 in
609 1675 752 1701 annum
787 1663 953 1701 alterum
987 1668 1248 1714 prorogatum.

213 1860 258 1915 9,
294 1867 328 1902 2.
362 1865 478 1904 initio
500 1864 630 1916 (Par.)
652 1866 690 1902 Β
711 1866 846 1913 Reyin.
930 1866 966 1903 3.
999 1868 1116 1903 natus
1149 1868 1208 1903 est
1241 1867 1280 1903 et
1311 1866 1402 1904 libri
1435 1868 1473 1903 et
1505 1868 1622 1902 natus

94 1925 145 1962 sit
179 1927 218 1962 et
243 1925 392 1963 Ritsehl
494 1921 582 1976 nee]
605 1926 643 1962 Β
666 1925 776 1963 Leicl.
797 1926 922 1973 Neap.
1027 1926 1061 1962 si
1092 1925 1278 1962 animidis
1298 1926 1390 1962 Par.
1411 1924 1449 1962 A
1555 1927 1624 1962 aut

101 1984 190 2022 Vrb.
211 1984 302 2032 Rey.
383 1985 534 2034 geturis
554 1984 592 2022 A
685 1987 722 2022 4.
756 1984 805 2022 ad
832 1985 1033 2022 dominum
1053 1985 1135 2022 Iac.
1153 1984 1377 2023 Gronovius
1411 1984 1459 2021 ad
1486 1984 1623 2022 ducem

94 2043 184 2081 libri
212 2043 355 2081 adduci
375 2044 540 2082 Romam
560 2044 694 2093 ibique
715 2045 851 2081 uenire
870 2044 1041 2091 5611011611ι
1068 2044 1283 2082 adductum
1303 2044 1468 2081 Romam
1489 2044 1623 2081 uenire

94 2104 312 2141 Illonzmsen
422 2105 458 2141 5.
490 2104 679 2152 italiquos
699 2103 737 2140 A
771 2104 887 2141 italos
908 2104 1044 2151 Reym.
1066 2104 1189 2151 Neap.
1302 2105 1339 2140 6.
1373 2106 1487 2152 capto
1509 2103 1621 2141 Leicl.

95 2163 233 2200 Drescl.
256 2165 394 2211 caepto
423 2163 511 2201 Vrb.
586 2163 809 2201 nominibus
829 2163 867 2200 A
888 2166 974 2201 (mie
994 2175 1090 2201 corr.
1186 2164 1207 2199 7
1215 2193 1221 2200 .
1256 2159 1315 2213 0.]
1337 2162 1375 2199 A
1396 2163 1621 2200 01η.1)ν6561.

94 2234 181 2259 cum
202 2225 279 2260 cett.
300 2223 406 2260 codd.
475 2221 611 2271 etiam]
636 2225 674 2260 et
694 2223 733 2260 Β
753 2223 864 2261 Laid.
886 2223 1025 2260 Drescz.
1101 2222 1231 2272 gratia
1256 2234 1326 2260 om.
1348 2223 1460 2260 [6161.
1482 2223 1622 2259 Drescl.

94 2281 385 2330 pulchritudine
406 2282 444 2318 Β
537 2283 573 2319 8.
601 2282 814 2320 concilians
842 2283 930 2321 Vrb.
1011 2280 1066 2331 et]
1095 2295 1140 2318 ex
1161 2280 1199 2318 A
1273 2280 1422 2332 arguit]
1451 2282 1563 2319 docet
1583 2282 1622 2318 Β

97 2342 132 2379 9.
166 2342 283 2378 natus
305 2340 343 2378 A

218 2401 288 2456 10,
313 2408 376 2444 12.
400 2406 436 2445 S.
465 2406 662 2456 Sulpicius
682 2408 760 2445 cod.
824 2420 911 2444 cum
931 2408 1085 2444 seclusit
1104 2407 1313 2444 Buecheler
1406 2408 1471 2443 14.
1505 2406 1621 2444 datus

95 2467 154 2502 est
185 2466 264 2502 cod.
356 2478 486 2503 marco
514 2467 591 2504 cod.
614 2479 680 2504 em.
701 2467 877 2504 Polemcs.
911 2466 952 2510 Q.
981 2467 1070 2503 616161.
1090 2466 1234 2503 Bacch.
1330 2468 1393 2503 16.
1428 2467 1463 2502 ei
1489 2466 1567 2504 6061.

99 2526 162 2562 19.
195 2526 252 2562 rei
269 2555 366 2562 .....
382 2526 542 2563 tertiam
563 2526 641 2563 cod.
668 2527 848 2563 restituit
874 2528 912 2563 et
932 2525 1075 2563 Bacch.
1192 2525 1455 2562 illiobriorum
1470 2555 1620 2563 .......

95 2581 185 2620 dixi(
211 2584 289 2622 cod.
319 2584 399 2621 illis
426 2584 642 2622 uberiorem
670 2584 854 2633 perduxit
879 2585 1035 2623 Jordan
1055 2585 1186 2621 Roem.
1206 2584 1364 2632 Topoyr.
1386 2584 1416 2621 Ι
1434 2587 1454 2621 1
1476 2585 1621 2632 11465

98 2644 163 2680 20.
195 2642 236 2680 in
267 2643 404 2680 urbem
435 2643 542 2692 perd.
568 2644 784 2682 Schultzins
816 2644 856 2681 in
890 2643 1131 2692 Capitolium
1158 2644 1247 2681 add.
1267 2643 1433 2681 Poleoms

98 2703 162 2739 21.
184 2704 288 2740 mine
309 2703 543 2753 octingente.
572 2703 640 2740 Set
659 2704 738 2740 eod.
761 2703 887 2741 milies
908 2703 1169 2752 octingenties
1189 2702 1404 2741 Selmltez‘us
1425 2706 1457 2741 et
1477 2703 1619 2740 Rueck.

98 2762 162 2798 23.
196 2762 359 2799 statium
386 2763 464 2799 cod.

167 2839 245 2864 Hist.
267 2840 352 2864 Rom.
374 2840 426 2864 rel.
446 2840 486 2871 11,
510 2841 555 2865 ed.
575 2841 696 2865 Peter.
1316 2832 1334 2861 6

1652 788 1717 818 144

1649 836 1717 878 ff>
