1842 3133
467 107 704 143 POMPEIVS
733 108 1040 145 SATVRNINVS
1070 132 1110 135 ψ
1140 108 1326 144 SAItDVS
1518 124 1668 153 (mxxv

145 227 214 272 est,
248 227 286 260 ut
323 234 437 272 quam
472 223 736 261 maturissime
769 223 964 261 emitteret
989 224 1046 273 (l),
1069 223 1105 273 I,
1129 223 1185 272 I),
1212 228 1337 273 atque,
1366 223 1397 260 si
1426 223 1493 260 l'uit
1524 222 1673 261 Nonius

143 286 344 338 Maximus,
379 286 425 326 ad
453 300 569 338 quem
596 287 747 326 Plinius
772 288 817 326 IV
845 286 901 325 20
929 293 967 326 et
995 288 1021 325 V
1048 285 1073 325 ἶ)
1103 289 1286 337 (l’rosop.
1308 290 1329 326 l.
1351 290 1400 335 s.)
1430 289 1547 339 misit,
1575 288 1673 326 mul-

142 358 225 391 tum
271 353 310 391 iu
356 353 497 391 litteris
542 358 723 391 uersatus
769 354 885 391 etiam
932 355 1059 391 exitus
1099 353 1311 391 illustrium
1351 355 1528 391 uirorum
1567 350 1672 391 tcum

143 430 285 469 amore,
317 418 447 457 dolore
481 423 518 457 et
546 419 752 469 magnifico
780 417 952 469 ingenio’
982 420 1188 469 scripsisse
1216 418 1384 469 uidetur,
1412 418 1514 457 unde
1545 420 1672 457 l'orsit-

143 496 191 522 an
230 483 293 522 illa
336 486 606 523 controuersia
640 489 772 523 exorta
807 486 868 535 sit,
901 486 965 523 uix
1002 484 1047 523 de
1081 484 1243 522 historia
1277 483 1369 522 belli
1403 484 1507 522 illius
1542 484 1672 522 ciuilis

142 551 345 600 uniuersa,
381 549 426 587 de
465 562 540 600 qua
581 547 785 588 dumtaxat
818 551 893 588 nisi
934 551 972 587 in
1013 549 1177 599 singulis
1217 549 1333 587 rebus
1367 549 1671 601 hominibusque

143 614 414 653 describendis
453 615 785 666 aestimandisque
824 616 981 666 utrique
1014 614 1172 653 Traiani
1211 616 1326 653 amici
1364 621 1396 653 et
1435 615 1584 653 Plinius
1619 616 1671 653 sa-

142 680 394 731 miliaresque
423 687 457 719 et
492 680 700 731 Pompeius
734 680 866 719 Planta
901 680 1210 719 consentiebant.

502 881 816 929 POMPEIVS
857 882 1265 929 SATVRNINVS
1281 879 1312 937 ¹)

259 1001 475 1054 Descripsit
514 1003 598 1040 eius
637 1001 854 1040 studiorum
894 1003 1126 1040 uarietatem
1165 1001 1315 1040 Plinius
1355 1002 1455 1053 ep.l
1492 1000 1562 1052 143,
1596 1016 1670 1053 qua

142 1081 230 1107 eum
258 1068 400 1107 Erucio
429 1063 580 1122 (Claro)
610 1067 910 1106 commendauit.
938 1080 1026 1106 nam
1055 1072 1093 1106 et
1118 1072 1299 1106 ueterum
1328 1067 1504 1106 aemulus
1533 1081 1670 1106 causas

143 1135 221 1185 egit
253 1135 528 1184 orationesque
559 1138 790 1172 retractatas
818 1133 941 1172 edidit
974 1138 1011 1172 et.
1038 1145 1178 1171 uersus
1206 1132 1399 1171 Catullum
1427 1132 1668 1184 Caluumque

142 1201 315 1239 imitatus
355 1200 448 1238 fecit
487 1204 520 1238 et
562 1199 748 1251 epistulas
795 1199 867 1238 sul)
912 1200 1046 1238 uxoris
1091 1211 1258 1250 persona
1302 1198 1480 1237 Plautino
1525 1199 1670 1237 Teren-

141 1267 323 1317 tianoque
374 1278 553 1304 sermone
605 1266 812 1316 conposuit
851 1266 983 1312 (Ro'm.
1012 1265 1134 1314 Brief
1156 1277 1199 1314 p.
1230 1264 1332 1312 173)
1379 1269 1416 1303 et,
1467 1264 1669 1303 historiam

141 1333 310 1383 scripsit,
338 1331 384 1370 de
412 1344 485 1383 qua
512 1331 608 1369 haec
627 1331 778 1369 Plinius
800 1332 877 1380 (ep.
901 1332 937 1382 l,
960 1331 1026 1381 16,
1048 1332 1113 1378 4J:
1142 1331 1252 1369 Idem
1279 1336 1409 1369 {conen
1438 1333 1477 1369 in
1498 1332 1670 1369 historia

141 1400 270 1446 newis
306 1400 405 1436 satis
438 1397 568 1447 faciet
603 1395 735 1448 [quam
768 1397 807 1435 in
841 1395 1101 1446 orationihus]
1136 1398 1203 1435 uel
1239 1397 1440 1435 breuitate
1478 1398 1545 1435 uel
1580 1398 1671 1435 luce

141 1465 207 1502 uel
235 1466 439 1502 suauitate
472 1465 538 1501 uei
566 1464 779 1512 splendore
811 1465 930 1501 eciam
967 1467 1003 1501 et
1034 1464 1277 1501 sublimitate
1310 1463 1524 1500 narrandi.
1576 1474 1668 1500 nam

141 1531 179 1567 in
221 1530 475 1568 contionibus
513 1530 617 1567 idem
656 1531 725 1577 qui
762 1531 801 1567 in
842 1529 1095 1566 orationibus
1133 1532 1206 1576 est,
1236 1530 1423 1576 pressior
1463 1532 1591 1565 tamen
1633 1532 1670 1565 et

141 1597 489 1643 circumscriptior
527 1600 564 1632 el
603 1595 831 1632 adductior.
883 1592 987 1632 idem
1027 1593 1099 1631 suit
1137 1593 1240 1631 iuter
1278 1605 1361 1643 eOS,
1400 1605 1497 1643 quos
1532 1592 1669 1643 dignos

140 1658 337 1698 iudicabat
373 1659 522 1698 honore
556 1661 699 1710 scripta
740 1672 807 1697 sua
848 1658 938 1697 lima
977 1657 1242 1709 persequendi
1271 1659 1317 1705 (J
1337 1658 1386 1703 8,·
1418 1658 1468 1707 ef.
1501 1658 1583 1695 ΓΠ
1609 1657 1667 1708 8),

141 1737 267 1776 neque
295 1730 426 1764 tamen
459 1724 672 1776 quidquam
707 1730 907 1776 praeterea
942 1737 987 1763 ex
1022 1724 1187 1775 epistula
1223 1723 1249 1761 V
1282 1721 1333 1761 21
1378 1723 1424 1761 ad
1458 1736 1545 1761 eum
1582 1723 1667 1761 data

141 1803 267 1842 neque
306 1803 398 1829 num
439 1804 496 1842 ep.
519 1791 583 1829 Vll
611 1789 647 1829 7.
678 1788 742 1829 15.
778 1789 829 1828 IX
857 1788 911 1828 38
941 1788 1183 1828 ‘Saturnino'
1213 1789 1329 1828 alicui
1368 1790 1581 1840 inscriptae
1621 1788 1668 1827 ad

141 1869 230 1894 eum
256 1858 491 1907 pertineant,
518 1869 564 1894 ex
591 1857 833 1907 argumentis
861 1857 1152 1907 cognoscimus,
1180 1856 1213 1892 is
1238 1854 1396 1906 quidem
1419 1854 1667 1905 Saturninus,

141 1935 160 1960 a
188 1935 263 1973 quo
290 1922 439 1960 Plinius
472 1922 587 1961 heres
622 1922 781 1960 relictus
816 1927 885 1972 est,
920 1921 1018 1959 alius
1052 1921 1121 1959 suit
1156 1922 1214 1971 (5,
1244 1921 1300 1969 7),
1332 1920 1495 1958 fortasse
1530 1919 1667 1958 consul

141 1987 330 2025 suffectus
364 2000 393 2026 a.
425 1985 506 2025 103
535 1988 718 2037 (Prosop.
746 1990 768 2026 i.
795 1990 857 2035 s.).

786 2166 947 2213 SARD
958 2166 1027 2212 Vs

259 2286 311 2324 De
346 2288 430 2325 eius
463 2286 626 2324 historia
654 2286 749 2323 haec
778 2285 824 2323 ad
851 2287 980 2336 ipsum
1008 2285 1157 2322 Plinius
1185 2283 1234 2321 lX
1262 2282 1313 2321 31
1345 2284 1519 2333 scripsit:
1556 2284 1664 2321 Post-

142 2364 260 2399 quam
294 2365 317 2390 a
351 2358 388 2390 te
423 2355 588 2402 recessi,
627 2363 702 2389 noti
744 2354 874 2389 inimus
912 2357 1057 2397 tectim,
1097 2362 1213 2398 (silam
1255 2361 1341 2387 cum
1377 2351 1488 2397 apud
1519 2355 1555 2386 le
1589 2348 1665 2397 fiii.

141 2420 220 2465 lessi
253 2420 355 2456 enim
388 2419 533 2455 librum
564 2423 684 2464 lecum,
711 2418 926 2455 {denudem
954 2422 1135 2464 repelens
1163 2427 1210 2453 ea
1237 2417 1411 2452 maxime
1438 2416 1532 2460 (non
1563 2416 1665 2451 enim

141 2484 344 2532 mentiar),
384 2494 487 2530 qusoe
528 2483 577 2520 de
614 2494 674 2520 me
710 2484 925 2530 scripsisti,
964 2484 1002 2520 in
1041 2482 1185 2529 quibus
1217 2482 1376 2528 quidem
1400 2481 1668 2528 percopiosus

138 2548 266 2597 suisti.
317 2559 435 2595 quam
473 2549 614 2597 mulla,
654 2559 771 2594 quam
813 2550 949 2593 uaria,
989 2558 1107 2594 quom
1146 2557 1223 2583 note
1263 2547 1402 2583 eadem
1441 2546 1489 2582 de
1530 2546 1665 2582 eodem

142 2625 217 2651 nee
250 2619 378 2651 lamen
426 2614 590 2650 diuersa
630 2613 793 2650 dist-isti!
832 2618 868 2650 et
907 2624 941 2660 q.
968 2623 996 2649 s.
1049 2623 1218 2661 quocum
1257 2610 1482 2648 testimonio
1517 2608 1665 2647 Teuffel

143 2678 486 2726 Literaturqesch.
510 2689 554 2726 p.
581 2676 668 2714 857
700 2675 803 2714 aliud
843 2677 1044 2714 coniunxit
1083 2675 1257 2714 eiusdem
1297 2674 1387 2712 libri
1427 2687 1485 2724 ep.
1512 2671 1586 2723 27,
1627 2675 1663 2710 iu

262 2781 294 2824 1)
322 2778 404 2814 Vid.
426 2779 574 2824 Prosop.
596 2778 646 2812 ΠΙ
671 2791 705 2823 p.
730 2782 772 2812 70
800 2791 832 2812 n.
855 2782 933 2812 491.
