1842 3133
201 116 289 144 (“(Ἰῐ
528 112 588 146 DE
617 112 923 147 SCRIPTORVM
954 113 1076 147 VITIS
1104 113 1163 147 ET
1192 113 1401 148 SORIPTIS

201 226 349 276 rerepit
376 238 404 262 s.
420 237 456 263 u.
475 225 561 263 III
591 237 623 263 c.
647 224 759 262 1121
793 226 938 274 lehem..-
959 221 1202 276 Όνιίσιμος,
1230 222 1430 277 Κύπριος
1456 223 1480 278 ἢ
1508 224 1730 278 Σπαρτιά-

200 304 286 341 της,
309 288 528 342 ι’στορικὸς
555 286 621 328 καὶ
654 289 877 343 σοφιστής,
898 295 986 329 τῶν
1012 286 1082 329 ἐπὶ
1104 290 1448 330 Κωνσταντίνου
1469 288 1730 342 γενομένων.

200 356 361 407 ἔγραψε
401 353 598 394 στάσεων
636 352 890 407 διαιρέσεις,
930 352 1087 407 τέχνην
1125 354 1356 407 δικανικὴν
1393 354 1502 407 πρὸς
1532 352 1731 408 Ἀψίνην,

198 419 296 471 περὶ
336 417 642 472 ἀντιρρητικῆς
680 417 846 473 τέχνης,
884 418 1273 474 προγυμνάσματα,
1312 418 1502 473 μελέτας,
1542 418 1732 473 ἐγκώμια

199 483 269 525 καὶ
304 484 415 525 ἄλλα
447 486 642 535 πλεῖστα,
674 485 742 524 ubi
776 498 866 525 eum
899 499 1008 525 more
1042 499 1111 525 suo
1140 486 1318 525 diuersos
1345 487 1560 538 scriptores
1587 490 1730 527 miscu-

201 553 277 589 isse
312 553 388 590 iam
422 550 468 589 ab
502 550 588 589 aliis
622 551 940 591 animaduersum
976 557 1034 591 est
1061 553 1268 598 (Brzoslsa
1301 564 1363 602 ast.
1386 553 1664 602 Pauly-Wiss.
1688 553 1737 592 II

200 631 232 655 e.
255 617 370 665 278).
416 629 506 656 nam
534 618 601 668 qui
628 618 854 656 referuntur
881 617 983 657 tituli
1017 617 1208 656 librorum
1242 617 1540 669 rhetoricorum,
1574 619 1728 658 suerunt

199 684 374 722 thiasimi
415 682 612 734 sophistae
651 683 919 735 Atheniensis,
958 685 1082 735 patris
1123 683 1297 735 Apsinis,
1342 685 1436 722 item
1482 684 1731 723 Atheniensis

200 749 408 799 sophistae,
443 748 513 787 tilii
547 748 703 799 Apsinis
737 747 986 789 Gadarensis.
1038 748 1248 788 Onesimus
1288 750 1409 800 igitur
1441 749 1583 788 Suidae
1618 749 1731 790 ἴστο-

200 813 322 864 ρικός
354 815 476 864 patria
510 813 696 852 utebatur
728 813 774 852 ab
808 814 1040 853 Atheniensi
1074 814 1242 866 diuersa,
1276 820 1382 853 aetas
1415 821 1545 854 autem
1579 821 1616 854 et
1643 828 1731 855 cum

200 879 271 917 ho(-
306 884 345 918 et
377 892 466 918 cum
500 878 565 917 illo
599 881 794 930 conuenit,
828 881 1010 931 quoniam
1048 882 1122 919 nisi
1155 882 1313 919 omnino
1347 893 1434 919 cum
1466 881 1599 920 codice
1625 881 1732 920 Pari-

200 945 285 983 sino
313 944 341 982 B
369 945 605 996 scripturam
640 949 729 984 τῶν
761 941 831 985 ἐπὶ
859 946 1155 1001 Κωνσταντίῳ
1181 946 1454 997 praeferimus,
1482 952 1588 985 certe
1616 947 1732 985 Probi

200 1011 333 1062 uitam,
367 1022 483 1061 quam
518 1015 606 1048 ante
641 1023 673 1048 a.
701 1008 784 1049 311
814 1011 1004 1063 Vopiscus
1038 1013 1234 1063 cognouit,
1260 1011 1470 1051 Onesimus
1501 1012 1733 1052 adulescens

199 1087 437 1127 componere
470 1076 608 1127 potuit,
641 1075 806 1115 fortasse
839 1078 944 1115 inter
975 1077 1047 1116 alia
1082 1075 1283 1129 ἐγκώμια,
1323 1090 1421 1128 quae
1456 1077 1595 1116 Suidas
1628 1091 1731 1117 com-

201 1143 448 1180 memorauit.

579 1308 916 1358 TVRDVLVS
956 1310 1357 1358 GALLIQANVS

319 1416 426 1455 lnter
460 1417 586 1455 sontes
620 1429 712 1455 suos
738 1417 930 1469 Vopiscus
963 1419 1003 1456 in
1031 1418 1156 1457 Probo
1184 1431 1216 1458 c.
1239 1419 1277 1467 2,
1300 1419 1322 1456 1
1345 1431 1400 1467 sq.
1428 1424 1585 1470 praeter
1611 1418 1732 1457 libros

200 1495 244 1521 ex
289 1482 524 1521 bibliotheca
565 1481 672 1534 leia
715 1488 753 1521 et
798 1496 843 1522 ex
891 1483 1003 1522 domo
1046 1483 1273 1534 Tiberiana,
1318 1489 1472 1535 regesta
1511 1483 1730 1523 scribarum

200 1550 376 1599 porticus
415 1548 737 1600 porphyreticae,
783 1554 865 1588 acta
912 1554 1071 1588 senatus
1116 1563 1159 1588 ac
1199 1549 1332 1601 populi
1372 1555 1576 1588 enumerat
1615 1551 1732 1589 etiam

199 1614 316 1653 huius
344 1613 657 1665 ephemeridem:
690 1620 728 1654 et
753 1618 944 1664 quoniam
971 1628 1032 1654 me
1058 1617 1114 1654 ad
1139 1618 1366 1664 colliqenda
1394 1618 1485 1655 talis
1512 1619 1596 1655 ulra·
1617 1621 1732 1665 qesla

199 1681 421 1729 ephemeris
465 1680 634 1719 Turduli
678 1682 881 1720 Gallicam·
909 1684 1134 1730 plen-[mum
1176 1684 1296 1729 ιίιιιῖί,
1339 1684 1422 1720 uiri
1464 1683 1733 1721 honestissime?

201 1758 251 1784 ac
281 1748 557 1796 sincerissimi,
590 1747 827 1793 beneficium
860 1749 983 1786 amici
1012 1750 1119 1786 senis
1153 1752 1289 1786 lacere
1321 1759 1400 1786 non
1435 1749 1565 1786 debui.
1616 1760 1730 1798 qnam

200 1810 358 1862 quidem
393 1810 687 1862 ephemeridem
721 1813 879 1851 nomine
912 1813 1057 1851 omisso
1085 1835 1139 1839 ——
1168 1825 1295 1864 neque
1329 1814 1433 1851 enim
1467 1825 1551 1851 eam
1585 1811 1632 1851 ab
1659 1812 1730 1851 alia

201 1876 444 1928 distinguere
482 1889 646 1916 necesse
686 1882 767 1916 erat
796 1900 850 1904 —
880 1877 1031 1917 duobus
1070 1878 1166 1917 locis
1200 1879 1347 1928 citauit,
1384 1878 1505 1917 altero
1540 1878 1731 1929 fragmen—

202 1948 281 1981 tum
323 1944 426 1981 inter
465 1942 723 1993 epistularum
763 1945 943 1982 fictarum
984 1945 1220 1994 farraginem
1260 1945 1458 1995 inserens,
1499 1945 1572 1982 etsi
1615 1945 1730 1982 etiam

201 2008 347 2059 dubim,
380 2021 474 2047 num
507 2008 613 2047 illius
647 2011 762 2048 amici
796 2011 902 2049 senis
929 2009 1181 2061 ephemeride
1210 2009 1398 2061 Vopiscus
1424 2021 1520 2047 uere
1547 2021 1642 2047 usus
1670 2010 1731 2048 sit.

201 2075 277 2113 JJie
304 2075 451 2123 Scrz'pt.
477 2075 514 2113 h.
537 2076 582 2113 Α.
600 2087 644 2124 p.
668 2075 763 2114 238.

348 2341 720 2389 IMPERATOR
759 2341 808 2386 L.
847 2338 1148 2385 DOMITIVS
1187 2338 1590 2385 AVRELIANVS

723 2431 939 2475 (imperator
965 2431 1214 2473 aem—275.)

323 2521 445 2559 Etiam
487 2521 549 2559 hic
588 2520 802 2558 memoriae
836 2531 928 2557 suae
963 2517 1230 2568 consuluerat,
1264 2530 1351 2555 cum
1387 2522 1425 2555 et
1458 2516 1730 2568 ephemerides

202 2592 234 2623 vt
273 2585 389 2624 ‘bella
423 2586 648 2624 charactere
681 2585 869 2623 historico
897 2581 1060 2635 digesta'
1090 2583 1293 2622 scriberet.
1338 2595 1426 2621 nam
1460 2583 1500 2621 in
1530 2583 1729 2634 prooemio

203 2653 305 2689 uitae
334 2651 533 2689 Aureliani
558 2650 748 2701 Vopiscus
775 2650 929 2689 lunium
957 2649 1209 2687 Tiberianurn
1238 2661 1278 2687 se
1307 2648 1587 2698 cohortantem,
1614 2652 1657 2685 ut
1683 2647 1728 2685 ad

204 2718 408 2754 historiam
438 2715 608 2766 accedat,
644 2716 729 2754 facit
765 2717 881 2754 etiam
915 2715 1009 2753 haec
1045 2713 1238 2753 dicentem
1268 2714 1325 2762 (I,
1353 2714 1416 2761 6):
1450 2719 1487 2752 et
1520 2718 1663 2761 lamen,
1694 2715 1730 2751 δι’

202 2785 300 2821 hene
333 2784 440 2829 noui,
475 2783 751 2830 ephemeridas
784 2783 890 2820 illius
923 2783 1007 2819 uiri
1037 2783 1212 2829 scriptas
1244 2781 1446 2828 habemus,
1479 2781 1598 2817 etiam
1626 2779 1728 2818 bella
