1842 3133
634 87 681 120 M.
703 86 905 120 TVLLIVS
933 85 1101 121 CICERO
1599 102 1624 128 V

96 198 142 236 ab
176 211 298 249 eoque
332 199 461 249 petiit,
500 203 542 236 ut
577 210 648 248 per
686 198 888 235 Graeciam
929 197 1199 247 diuulgaretur
1233 200 1307 244 (acl
1333 199 1411 236 Aa.
1436 199 1459 235 I
1482 199 1548 245 19,
1572 199 1626 236 10

96 266 181 302 coll.
210 265 235 301 I
262 264 329 312 19,
353 264 404 301 11
433 269 470 302 et
501 264 547 300 ῙῙ
570 263 606 310 1,
632 264 684 309 l).

213 328 318 366 ldem
363 341 459 367 uero
505 327 643 366 eodem
690 333 864 378 tempore
910 329 949 365 iu
991 327 1194 366 consulatu
1239 341 1308 366 suo
1348 328 1513 366 Latine
1561 329 1624 367 de-

94 393 302 432 scribendo
329 393 573 444 uersabatur,
607 393 710 444 quod
738 405 835 443 opus
863 406 956 431 uum
983 394 1209 444 perfecerit,
1244 395 1468 443 ignoramus
1497 390 1623 447 (certe

94 461 178 497 cius
217 460 384 509 uestigia
423 472 499 497 uon
533 455 724 509 exstant),
766 458 947 509 idemque
990 457 1053 497 ‘ne
1093 459 1196 509 quod
1237 471 1359 509 genus
1399 472 1418 497 a
1459 472 1500 498 se
1540 461 1624 511 ipso

94 524 218 563 laudis
258 538 349 563 suae
383 523 795 575 [11116161-111111611111119,
830 523 875 562 de
910 524 1045 562 eadem
1080 536 1120 562 re
1160 538 1319 575 poema
1353 526 1472 563 trium
1507 525 1623 563 libro-

93 602 179 628 rum
214 592 289 637 (ad
318 592 393 628 Ad.
417 591 442 628 I
469 590 536 637 19,
561 591 647 638 IO),
681 589 726 627 ad
760 589 864 640 quod
898 590 1000 627 iufra
1036 595 1295 628 reuertemur.

211 656 398 694 Secutum
438 660 497 693 est
537 655 672 693 foedus
712 654 808 692 illud
842 654 1037 705 Caesaris,
1070 654 1248 706 Pompei,
1283 656 1434 707 Crassi3
1469 657 1624 694 transiit

92 720 130 758 P.
165 720 323 759 Clodius
362 720 568 771 adoptione
609 722 649 758 in
688 719 859 772 plebem3
903 720 1041 758 Cicero
1080 720 1250 759 honores
1291 732 1310 758 a
1350 721 1516 759 Caesare
1557 721 1622 759 ol)-

92 785 189 824 latos
230 787 382 824 fortiter
415 785 648 837 repudiauit,
691 787 850 823 ineunte
879 782 1102 837 11591695
1136 785 1243 823 uillis
1277 788 1359 824 suis
1393 799 1434 824 se
1463 786 1622 837 abdidit,

91 851 285 890 Romanae
326 853 383 889 rei
422 865 456 903 p.
485 850 611 889 taedio
652 855 858 901 correptus
891 851 1039 889 Antiati
1079 850 1266 889 delectari
1306 851 1382 889 sibi
1414 852 1623 891 uidebatur

92 922 376 968 contentusque
416 916 503 955 odio
542 916 828 967 improborum7
869 929 943 967 quo
982 921 1026 954 ut
1064 916 1191 967 aliqua
1225 929 1271 955 ex
1304 922 1413 968 parte
1448 919 1620 956 animum

90 981 252 1033 leuaret,
286 982 511 1021 effundebat
543 978 853 1033 111Ἀνέκδοτα,
887 995 985 1033 quae
1014 980 1297 1033 ‘Theopompio
1331 981 1504 1034 genere’,
1537 985 1560 1021 i.
1589 997 1620 1022 e.

92 1049 161 1098 ita,
199 1053 242 1086 ut
281 1060 344 1086 res
383 1061 429 1086 ex
462 1048 612 1086 ultimis
646 1049 889 1098 secretisque
930 1049 1059 1086 causis
1098 1044 1352 1102 1·epete1·et1)‚
1386 1045 1466 1087 ‘aut
1505 1050 1620 1087 etiam

90 1114 290 1163 asperiore
323 1113 444 1152 multo
478 1126 498 1151 a
532 1125 573 1151 se
606 1111 738 1164 paugi⁷
774 1112 820 1151 ad
853 1113 1023 1151 Atticum
1065 1115 1226 1164 scripsit
1259 1111 1379 1151 ‘nullo
1420 1127 1508 1152 cum
1543 1119 1620 1153 sto-

90 1178 226 1216 macho
254 1178 322 1217 sed
349 1180 479 1229 potius
506 1191 595 1217 eum
622 1178 749 1229 aliqua
777 1178 976 1216 scribendi
1003 1177 1218 1229 uoluptate’
1249 1180 1319 1226 (JJ
1341 1180 1378 1227 6,
1402 1182 1458 1223 2).
1494 1192 1620 1230 neque

91 1249 218 1282 tamen
251 1244 324 1281 hoc
357 1256 454 1295 opus
489 1256 535 1282 ex
568 1245 763 1282 sententia
796 1246 1000 1294 processit.
1044 1257 1133 1282 nam
1168 1250 1420 1295 posteaquam
1449 1246 1487 1283 iu
1516 1258 1619 1283 com-

90 1309 268 1360 pluribus
302 1311 386 1348 eius
418 1311 607 1361 temporis
642 1309 820 1360 epistulis
854 1322 895 1347 se
928 1322 1005 1347 nou
1040 1309 1176 1348 deesse
1211 1311 1326 1348 amici
1361 1312 1504 1349 acriter
1530 1311 1618 1349 hor-

89 1376 206 1413 tantis
244 1374 437 1413 uoluntati
475 1376 673 1426 promisit,
710 1380 912 1414 crescente
952 1377 1115 1414 materia
1154 1380 1274 1414 totam
1308 1388 1392 1414 rem
1426 1376 1617 1415 fluctuare

89 1441 268 1491 queritur
302 1435 429 1493 (“κατ’
468 1437 644 1492 ὀπώρην
676 1437 817 1492 τρύξ)
857 1453 984 1491 neque
1026 1453 1066 1479 se
1113 1440 1159 1479 ad
1206 1440 1459 1479 scribendum
1501 1454 1618 1493 pene-

88 1511 212 1544 trasse
247 1507 315 1552 (II
345 1507 380 1554 7,
403 1507 450 1552 I;
482 1506 519 1554 8,
542 1506 590 1551 1,·
624 1506 761 1554 12,3;
795 1507 861 1554 14,
883 1506 940 1553 2).

206 1571 341 1609 Denuo
380 1572 609 1609 memoriam
648 1583 780 1609 rerum
814 1584 973 1609 suarum
1008 1571 1311 1621 redintegrauit,
1351 1585 1440 1610 cum
1474 1585 1519 1610 ex
1555 1585 1618 1610 ex-

88 1636 174 1674 silio
209 1642 415 1675 reuocatus
449 1636 576 1674 locum
611 1636 686 1674 sihi
719 1638 757 1674 in
799 1649 839 1674 re
872 1650 908 1687 p.
936 1649 1013 1675 nou
1048 1649 1134 1675 esse
1168 1637 1439 1688 intellexisset,
1473 1637 1541 1676 sed
1575 1644 1617 1676 ut

88 1703 191 1740 inter
230 1706 408 1740 senatum
449 1707 486 1739 et
522 1707 599 1740 tres
632 1703 740 1740 uiros
775 1701 992 1752 dubitabat,
1031 1703 1084 1740 ita
1122 1703 1163 1740 111
1200 1702 1408 1741 scribendo
1442 1705 1617 1742 incertus

87 1772 181 1817 erat,
208 1767 301 1818 quid
328 1768 495 1805 maxime
523 1773 729 1818 spectaret.
763 1767 939 1806 Primum
967 1767 1137 1818 quidem7
1166 1769 1198 1806 si
1226 1767 1359 1806 Cassio
1386 1768 1498 1806 Dioni
1534 1781 1617 1808 cre-

88 1832 216 1871 dimus
238 1828 325 1885 (39,
350 1829 422 1886 10)
444 1837 527 1871 tum
556 1831 746 1883 Ἧιβλίον
765 1847 804 1871 τι
833 1830 1095 1884 ἀπόρρητον’
1128 1835 1336 1884 6011Ῑκ151111
1362 1840 1401 1872 et
1428 1833 1496 1873 ‘De
1525 1848 1615 1873 ‹fou-

87 1897 186 1935 siliis
231 1896 327 1936 suis’
374 1899 594 1949 inscripsit,
640 1899 707 1949 qui
752 1898 869 1936 index
921 1899 1149 1949 fragmentis
1202 1900 1298 1949 ipsis
1350 1902 1614 1939 confirmatur.

87 1963 189 2013 quod
229 1962 386 2013 quidem
426 1976 523 2014 opus
563 1964 636 2001 l'uit
673 1963 768 2001 illud
802 1964 1130 2015 Theopompiulm
1171 1970 1252 2002 tum
1293 1964 1339 2002 ad
1376 1967 1494 2003 linem
1527 1979 1615 2016 per—

88 2028 258 2066 ductum.
310 2040 398 2066 nam
435 2028 538 2079 quod
571 2028 617 2066 ad
650 2029 820 2067 Atticum
856 2028 902 2067 de
939 2041 982 2067 6ο
1017 2030 1231 2080 scripserat
1264 2027 1321 2068 ‘se
1357 2030 1449 2069 dare
1483 2043 1524 2069 se
1557 2031 1614 2069 hi-

87 2090 245 2132 storiae’
280 2095 349 2137 (Il
370 2093 408 2141 8,
435 2095 487 2144 I)⁷
521 2095 693 2132 rom-init
720 2107 808 2132 cum
835 2094 957 2132 Dione
987 2094 1209 2133 defendisse
1238 2108 1326 2133 eum
1355 2096 1516 2134 consilia
1546 2110 1612 2135 sua

206 2221 237 2262 1)
265 2219 317 2254 Cf.
345 2220 450 2254 Dion.
471 2220 553 2255 Hal.
576 2221 624 2254 ad
644 2221 770 2265 Pomp.
793 2225 813 2255 6
840 2233 873 2265 p.
897 2224 941 2255 65
962 2220 1070 2256 Vsen.
1093 2222 1153 2265 (de
1179 2221 1449 2267 Theopompo>z
1487 2225 1613 2258 Τελευ-

85 2271 189 2307 ταῐόν
223 2272 295 2307 ἐστι.
327 2279 399 2307 τῶν
433 2273 548 2318 ἔργων
581 2275 696 2308 αὐτοῦ
723 2275 786 2308 καὶ
812 2275 1184 2319 χαρακτηρικώτατον
1217 2273 1235 2309 ὃ
1267 2274 1351 2318 παρ’
1382 2276 1509 2310 οὐδενὶ
1541 2283 1614 2311 τῶν

86 2325 204 2360 ἄλλων
236 2325 480 2371 συγγραφέων
511 2325 626 2367 οὕτως
658 2326 818 2374 ἀκριβῶς
851 2326 1078 2373 ἐξείργασται
1118 2328 1181 2362 καὶ
1219 2330 1387 2368 δυνατῶς
1426 2329 1507 2363 οὔτε
1540 2336 1613 2365 τῶν

85 2378 339 2425 πρεσβυτέρων
379 2380 461 2414 οὔτε
500 2386 572 2415 τῶν
610 2380 813 2425 νεωτέρων’
853 2379 887 2415 τί
926 2381 965 2416 δὲ
999 2380 1106 2416 τοῦτό
1141 2382 1230 2423 ἐστι;
1264 2382 1303 2416 τὸ
1338 2381 1424 2416 καθ’
1456 2381 1613 2428 ἑκάστην

85 2433 220 2476 πρᾶξιν
246 2432 293 2477 μὴ
321 2432 437 2476 μόνον
462 2433 508 2467 τὰ
535 2434 681 2478 φανερὰ
707 2440 783 2474 τοῖς
809 2436 956 2474 πολλοῖς
982 2434 1075 2478 ὁρᾶν
1102 2435 1164 2469 καὶ
1191 2435 1309 2480 λέγειν
1335 2435 1407 2469 ἀλλ’
1433 2436 1611 2477 ἐξετάζειν

85 2485 147 2520 καὶ
184 2485 250 2527 τὰς
286 2487 446 2529 ἀφανεῖς
477 2486 599 2527 αἰτίας
630 2494 702 2523 τῶν
733 2487 905 2531 πράξεων
938 2488 999 2522 καὶ
1032 2494 1104 2523 τῶν
1136 2488 1358 2532 πραξάντων
1397 2489 1513 2529 αὐτας
1551 2491 1611 2523 καὶ]

84 2538 129 2572 τὰ
160 2539 267 2584 πάθη
298 2545 362 2584 τῆς
388 2546 520 2585 ψυχῆς,
547 2540 570 2575 ἃ
598 2541 645 2585 μὴ
672 2539 786 2586 ῥοίδια
812 2547 888 2581 τοῖς
914 2543 1061 2581 πολλοῖς
1087 2541 1238 2585 εἰδέναι,
1266 2543 1328 2576 καὶ
1356 2542 1477 2577 πάντα
1506 2543 1610 2577 ἐκκα-

85 2592 232 2627 λύπτειν
257 2592 303 2626 τὰ
330 2593 508 2637 μυστήρια
535 2600 598 2639 τῆς
616 2608 654 2629 τε
674 2595 856 2639 δοκούσης
875 2595 1006 2639 ἀρετῆς
1026 2595 1089 2629 καὶ
1108 2601 1172 2640 τῆς
1192 2594 1446 2640 ἀγνοουμένης
1465 2595 1609 2637 κακίας.

84 2643 147 2678 καί
173 2658 235 2689 μοι
267 2648 372 2680 δοκεῖ
394 2659 470 2687 πως
494 2647 512 2681 ὁ
533 2647 788 2692 μυθευόμενος
815 2649 854 2683 ἐν
871 2646 994 2682 Ἅιδου
1021 2655 1092 2683 τῶν
1116 2656 1245 2694 ψυχῶν
1267 2650 1525 2684 ἀπολυθεισῶν
1546 2656 1609 2684 τοῖν

85 2699 249 2743 σώματος
275 2696 466 2743 ἐξετασμὸς
499 2700 557 2735 ἐπὶ
588 2707 660 2735 τῶν
687 2701 763 2736 ἐκεῖ
787 2703 969 2736 δικαστῶν
996 2701 1110 2742 οὕτως
1134 2703 1290 2748 ἀκριβὴς
1315 2700 1412 2737 εἶναι
1438 2704 1486 2742 ὡς
1507 2703 1524 2737 ὁ
1546 2703 1610 2737 διὰ

84 2757 146 2796 τῆς
182 2752 405 2796 Θεοπόμπου
438 2760 585 2798 γραφῆς
616 2753 840 2799 γιγνόμενος,
886 2755 928 2789 R.
951 2755 1072 2789 Hirzel
1100 2756 1137 2789 in
1164 2768 1209 2789 ui.
1232 2756 1298 2790 Rh.
1321 2760 1363 2790 47
1391 2769 1424 2800 p.
1447 2760 1513 2791 367
1530 2769 1607 2801 sqq.
