1842 3133
779 113 923 147 VITAE
1532 111 1609 149 137

211 224 280 267 10.
318 229 428 266 Mas.
459 228 523 271 25,
551 226 578 264 8
614 225 657 264 Εἰ
687 226 870 276 quoniam
899 224 944 262 ad
973 224 1224 262 Maximinum
1256 224 1451 261 seniorem
1481 234 1614 261 reuer-

91 296 219 343 timur,
261 306 323 331 res
363 291 529 332 iucunda
569 290 855 342 praetereunda
889 302 965 328 non
1000 295 1074 328 est:
1117 302 1204 327 nam
1238 301 1326 326 cum
1360 294 1458 327 esset
1496 288 1613 326 Maxi-

89 361 218 398 minus
257 358 417 409 pedum,
460 362 501 395 ut
541 356 727 405 diximus,
773 361 858 393 octo
899 361 935 393 et
981 368 1100 406 prope
1141 356 1276 405 semis,
1317 354 1613 393 calciamentum
1641 352 1727 388 fr.8

90 426 191 475 eius,
231 424 269 462 id
309 429 367 462 est
405 434 634 473 campagum
674 423 843 471 regium,
885 420 1040 471 quidam
1082 422 1120 458 in
1162 420 1265 464 luco,
1305 421 1368 470 qui
1411 424 1470 457 est
1508 422 1616 458 inler

54 498 68 524 ὁ
90 489 306 541 Aquileiam
340 494 378 528 et
404 488 570 538 Arciam,
604 491 831 538 posuerunt,
865 486 968 537 quod
1002 487 1176 524 constitit
1209 485 1307 536 pede
1341 486 1467 523 maius
1495 485 1614 523 fuisse

89 556 257 594 hominis
290 555 456 604 uestigio
489 565 684 592 mensura.
741 552 845 591 unde
879 553 995 590 etiam
1034 551 1151 601 uulgo
1197 556 1363 589 tractum
1409 555 1484 601 est,
1528 563 1616 589 curn

91 621 136 659 de
170 620 295 671 longis
329 624 367 658 et
400 620 544 670 ineptis
576 618 802 657 hominibus
837 617 1035 655 diceretur
1067 614 1205 666 ‘caliga
1238 613 1465 655 Maximini’.
1514 615 1615 667 quod

90 686 236 725 idcirco
283 685 417 736 indidi,
463 697 510 723 ne
556 685 655 735 quis,
699 687 735 723 εἰ
773 683 943 721 Cordum
988 682 1152 732 legeret,
1195 694 1255 720 me
1302 682 1616 732 praetermisisse

91 751 270 790 crederet
304 750 462 802 aliquid,
496 749 599 801 quod
633 749 679 788 ad
712 754 862 800 patrem
894 749 1124 799 pertineret.

38 825 70 850 10
212 813 280 857 11.
315 817 427 855 Maur.
452 816 517 865 29,
540 816 595 854 10
634 815 737 853 Haec
764 819 854 853 sunt
881 826 979 865 quae
1008 813 1053 852 de
1081 825 1202 864 puero
1232 812 1495 863 [Maximino]
1525 815 1616 851 sciri

92 888 130 921 et
169 882 245 921 dici
291 882 430 921 decuit.
488 881 639 932 reliqua
685 881 751 931 qui
794 879 901 919 uolet
945 891 1061 918 nosse
1108 878 1153 917 de
1199 878 1318 917 rebus
1359 880 1535 917 ueneriis
1581 885 1619 917 et

91 949 301 998 amatoriis,
335 947 478 998 quibus
511 959 599 985 eum
634 946 783 985 Cordus
817 946 1000 997 aspergit,
1033 944 1203 983 eundem
1235 944 1347 995 legat.

212 1009 286 1053 12.
322 1014 434 1052 Mas.
463 1013 530 1061 27,
558 1013 585 1051 6
616 1012 814 1063 Desponsa
842 1011 899 1049 illi
926 1010 1173 1061 [Maximino
1200 1010 1370 1060 iuniori]
1400 1015 1483 1048 erat
1510 1010 1616 1049 Iunia

91 1079 247 1130 Fadilla,
280 1080 484 1130 proneptis
516 1078 712 1116 Antonini.
739 1100 796 1104 —-
829 1081 1060 1116 manserunt
1092 1081 1221 1115 autem
1255 1075 1356 1127 apud
1390 1088 1474 1114 eam
1508 1088 1618 1114 arrae

40 1158 71 1183 15
92 1146 234 1196 regiae,
267 1156 365 1196 quae
398 1143 495 1182 tales
530 1139 591 1197 (ut
624 1143 759 1182 Iunius
792 1142 943 1181 Cordus
975 1142 1159 1194 loquitur,
1191 1142 1331 1180 harum
1365 1154 1498 1180 rerum
1530 1154 1618 1193 per-

93 1206 269 1265 secutor)
304 1211 340 1249 ei
373 1210 494 1248 fuisse
523 1209 724 1248 dicuntur:
758 1208 999 1247 monolinum
1029 1207 1074 1246 de
1102 1207 1200 1246 albis
1227 1220 1381 1258 nouem,
1409 1206 1618 1246 reticulum

93 1288 182 1315 eum
220 1277 390 1327 prasinis
428 1274 628 1325 undecim,
669 1274 985 1313 dextrocherium
1025 1286 1113 1312 cum
1150 1273 1287 1324 copula
1321 1272 1366 1311 de
1400 1272 1619 1324 hyacinthis

93 1346 276 1392 quattuor
307 1346 464 1392 praeter
491 1345 623 1379 uestes
653 1345 807 1379 auratas
833 1345 871 1378 et
897 1352 1033 1378 omnes
1062 1340 1188 1389 regias
1215 1343 1422 1389 ceteraque
1451 1339 1619 1389 insignia

93 1406 392 1458 sponsaliorum.

40 1486 72 1510 20
215 1468 289 1513 13.
328 1473 447 1511 Gord.
477 1473 543 1520 17,
570 1472 597 1510 3
630 1471 706 1510 Sed
740 1484 810 1522 ego
843 1471 999 1509 Iunium
1032 1469 1203 1509 (lordum
1237 1482 1391 1521 sequor,
1425 1471 1492 1521 qui
1526 1469 1620 1508 dicit

95 1551 138 1577 ex
173 1537 354 1577 omnibus
386 1538 447 1576 his
475 1537 632 1576 familiis
655 1537 886 1587 [Scipioniffi
908 1538 1081 1586 Pompei,
1103 1537 1411 1586 Antoninorum,
1432 1534 1617 1585 Antonii]

95 1603 437 1642 Gordianorum
470 1603 661 1642 coaluisse
693 1602 948 1641 nobilitatem.

215 1665 290 1709 14.
329 1670 448 1708 Gord.
476 1670 514 1715 4,
542 1670 569 1707 6
601 1668 751 1707 Cordus
785 1668 878 1707 dicit
910 1669 949 1706 in
984 1666 1165 1706 omnibus
1198 1666 1425 1706 ciuitatibus
1458 1666 1619 1718 Campa-

94 1736 194 1785 niae,
227 1734 418 1785 Etruriae,
451 1734 643 1785 Vmbriae,
676 1733 902 1784 Flaminiae,
934 1733 1068 1772 Piceni
1101 1732 1146 1772 de
1173 1734 1333 1783 proprio
1360 1732 1470 1771 illum
1499 1731 1619 1782 [Gor-

42 1816 73 1841 25
95 1802 259 1840 dianam
300 1803 479 1850 primum
524 1802 699 1839 nondum
744 1798 1044 1849 imperatorem]
1091 1810 1161 1849 per
1205 1797 1466 1849 quadriduum
1509 1797 1620 1836 ludos

96 1867 296 1905 scaenicos
330 1870 367 1904 et
398 1865 596 1904 iuuenalia
629 1865 810 1904 edidisse.

217 1927 291 1971 15.
330 1932 449 1970 Goro'.
472 1932 510 1981 5,
531 1932 557 1969 5
590 1931 749 1970 Amatus
783 1935 842 1969 est
874 1930 919 1969 ab
947 1930 1049 1968 Afris
1077 1929 1332 1980 [Gordianus
1354 1932 1516 1979 primus
1543 1940 1621 1978 pro

97 1996 273 2047 consule]
309 1998 360 2034 ita
393 2002 436 2035 ut
467 2009 582 2035 nemo
615 2001 726 2035 antea
760 1995 1058 2048 proconsulum,
1091 1997 1141 2034 ita
1176 2000 1219 2033 ut
1251 2008 1340 2034 eum
1374 1994 1438 2033 alii
1472 1994 1620 2045 Scipio-

97 2074 197 2113 nem,
237 2061 420 2100 Catonem
461 2062 542 2112 alii,
581 2062 693 2100 multi
732 2062 902 2101 Mucium
942 2074 984 2100 ac
1024 2060 1215 2100 Rutilium
1255 2065 1320 2099 aut
1356 2059 1530 2099 Laelium
1566 2059 1620 2098 di-

43 2133 242 2169 30061'8111.
294 2133 395 2166 extat
436 2140 571 2166 eorum
611 2127 858 2178 adclamatio,
898 2140 995 2177 quae
1036 2140 1054 2164 a
1094 2126 1205 2165 Iunio
1245 2128 1284 2164 in
1317 2125 1468 2165 litteras
1501 2125 1621 2163 relata

1648 1907 1714 1936 230

1648 1954 1713 1996 0333

220 2243 290 2297 10,
326 2244 361 2284 1.
394 2248 584 2285 maximas
612 2249 648 2284 Ι)
675 2247 933 2285 Maximinum
965 2248 1153 2284 seniorem
1183 2258 1250 2284 em.
1271 2246 1389 2283 Salm.

100 2310 134 2345 2.
168 2307 495 2356 praetereundum
522 2308 558 2343 P
575 2320 641 2345 em.
663 2307 781 2345 Salm
914 2309 949 2343 4.
984 2308 1085 2343 inter
1111 2318 1181 2343 om.
1202 2306 1239 2343 P
1363 2308 1398 2341 5.
1431 2304 1570 2354 pedem
1590 2305 1626 2341 P

100 2369 135 2404 6.
168 2379 351 2404 mensura
382 2369 468 2413 fort.
490 2367 560 2404 del.
743 2368 778 2403 8.
820 2368 852 2404 si
885 2367 974 2403 «dcl.
995 2366 1214 2412 Petschenig(
1397 2367 1431 2401 9.
1469 2366 1621 2414 patrem

98 2427 351 2464 Kellerbauer
381 2438 463 2463 rem
489 2426 526 2463 P

219 2480 294 2536 11,
330 2487 395 2523 11.
428 2484 547 2523 didici
572 2486 609 2522 P

220 2539 296 2594 12,
331 2545 396 2581 14.
429 2546 565 2583 antoni
585 2545 621 2582 P
708 2557 754 2582 ea
781 2545 816 2581 P
936 2545 999 2581 15.
1032 2545 1301 2594 persecutores
1321 2542 1359 2579 P
1384 2545 1622 2591 perseeutor,

100 2605 136 2641 ei
161 2603 299 2641 Noodk
329 2604 443 2652 Listy
476 2605 582 2641 1854
609 2617 650 2651 p.
673 2605 756 2641 :201
902 2605 965 2641 16.
998 2604 1213 2641 monolium
1240 2603 1277 2639 P
1295 2615 1363 2640 em.
1386 2602 1472 2640 Cas.

103 2665 167 2700 17.
201 2676 288 2700 eum
321 2664 410 2700 add.
437 2675 458 2706 ς
580 2663 799 2712 yachinctis
827 2663 864 2699 P

221 2717 296 2773 14,
332 2723 397 2759 24.
430 2723 580 2772 etruria
613 2724 651 2759 et
676 2717 731 2759 Pl
764 2722 935 2760 etruriae
969 2724 1008 2760 et
1034 2723 1152 2760 Pom.
1275 2721 1457 2758 flaminae
1484 2716 1539 2757 Ρ1

221 2776 296 2832 15,
332 2783 396 2819 28.
430 2794 517 2820 cum
549 2782 636 2819 aliis
662 2782 698 2819 P
