1842 3133
47 806 79 831 10

45 1133 78 1158 15

42 1460 76 1485 20

42 1786 74 1811 25

586 86 648 120 DE
675 86 991 121 INLVSTRIBVS
1019 87 1144 121 VIRIS
1576 88 1631 128 39

104 197 301 236 historicis
329 202 529 248 excerpta:
563 198 675 236 Dices
703 197 909 248 pulchrum
937 212 1022 236 esse
1050 200 1230 236 inimicos
1258 199 1407 237 ulcisci.
1441 199 1479 238 id
1507 212 1633 250 neque

104 264 228 301 maius
267 276 394 314 neque
432 263 636 314 pulchrius
676 264 855 314 cuiquam
896 269 1011 314 atque
1044 264 1139 302 mihi
1167 276 1253 301 esse
1286 264 1461 315 uidetur,
1498 264 1566 303 sed
1600 265 1632 302 si

104 328 218 366 liceat
257 340 297 365 re
336 328 489 379 publica
530 328 636 367 salua
675 342 716 367 ea
760 331 954 380 persequi.
1006 329 1074 367 sed
1114 334 1306 381 quatenus
1349 330 1384 368 id
1431 331 1513 367 lieri
1555 342 1631 367 non

104 398 240 444 potest,
269 393 388 432 multo
417 398 590 444 tempore
623 394 835 445 multisque
869 394 1045 445 partibus
1079 396 1225 433 inimici
1263 396 1382 433 nostri
1420 408 1495 433 non
1530 396 1631 446 peri-

105 459 199 497 bunt
231 463 358 510 atque,
391 460 447 497 uti
482 472 585 497 nunc
618 464 720 510 sunt,
753 465 869 498 erunt.
903 461 1030 511 potius
1065 473 1179 511 quam
1216 473 1276 497 res
1311 460 1463 511 publica
1502 461 1631 511 prolli-

102 529 215 574 getur
248 529 363 575 atque
398 529 541 575 pereat.

220 589 364 627 Eadem
405 589 478 628 alio
518 590 619 628 loco:
655 590 789 628 Verbis
829 591 1029 640 conceptis
1071 590 1245 629 deierare
1285 592 1421 641 ausim,
1458 596 1630 642 praeter-

101 668 215 706 quam
255 656 322 706 qui
355 655 556 693 Tiberium
590 655 808 693 Gracchum
848 660 1048 705 necarunt„
1081 657 1278 694 neminem
1313 658 1515 694 inimicum
1549 662 1631 695 tan-

101 726 182 759 tum
222 720 421 759 molestiae
463 726 689 771 tantumque
730 720 891 771 laboris,
931 725 1119 771 quantum
1159 726 1195 759 te
1235 721 1282 759 ob
1319 722 1386 759 has
1421 734 1501 773 res,
1534 722 1629 760 mihi

102 785 326 824 tradidisse:
365 798 481 837 quem
521 785 725 836 oportebat
763 787 937 824 omnium
977 798 1130 836 eorum,
1174 799 1270 837 quos
1311 787 1473 825 antehac
1513 787 1628 825 habui

101 851 261 901 liberos,
300 852 421 902 partis
456 851 626 901 [eorum]
664 851 828 889 tolerare
867 856 981 902 atque
1018 864 1167 902 curare,
1200 857 1243 890 ut
1275 865 1390 903 quam
1424 853 1629 891 mininnnn

100 916 376 955 sollicitudinis
415 918 455 954 in
495 922 651 955 senecta
690 916 886 967 haberem,
926 917 1073 967 utique,
1107 930 1365 968 quaecunque
1405 930 1552 967 ageres,
1587 930 1629 956 ea

99 982 220 1021 uelles
252 983 419 1020 maxime
452 982 548 1020 mihi
580 982 746 1033 placere,
779 987 894 1033 atque
927 983 983 1021 uti
1017 983 1125 1021 nefas
1157 982 1324 1021 haberes
1351 995 1482 1021 rerum
1511 984 1630 1022 maio-

102 1061 188 1086 rum
215 1047 424 1086 aduersum
451 1060 576 1086 meam
605 1048 838 1086 sententiam
870 1049 1079 1099 quicquam
1108 1049 1246 1099 facere⁷
1268 1049 1500 1099 praesertim
1522 1048 1630 1099 mihi,

100 1115 162 1151 cui
194 1125 314 1164 parua
346 1125 436 1164 pars
469 1114 572 1151 uitae
607 1118 798 1164 superest.
851 1126 898 1151 ne
931 1113 971 1151 id
1004 1113 1162 1164 quidem
1196 1119 1273 1152 tam
1306 1113 1427 1152 breue
1461 1115 1628 1164 spatium

100 1183 226 1229 potest
251 1178 444 1229 opitulari,
472 1179 565 1229 quin
593 1184 631 1216 et.
658 1179 751 1217 mihi
780 1178 990 1217 aduersere
1018 1184 1056 1217 et.
1083 1191 1165 1217 rem
1190 1178 1388 1229 publicam
1415 1178 1629 1230 profliges‘?

99 1243 267 1295 denique
309 1256 407 1295 quae
450 1257 569 1295 pausa
611 1242 717 1282 erit?
771 1244 972 1295 ecquando
1017 1244 1168 1282 desinet
1210 1244 1352 1283 familia
1396 1249 1527 1283 nostra
1571 1246 1628 1282 in—

98 1308 256 1348 sanire?
298 1309 497 1360 ecquando
531 1309 669 1347 modus
703 1311 737 1347 ei
765 1311 821 1347 rei
855 1309 990 1348 haberi
1022 1308 1195 1361 poterit?
1241 1310 1442 1361 ecquando
1477 1310 1629 1349 desine-

97 1388 184 1413 mus
218 1381 255 1412 et.
287 1374 474 1413 habentes
508 1380 545 1413 et.
577 1375 810 1426 praebentes
838 1375 1028 1414 molestiis
1056 1374 1269 1414 insistere?
1311 1375 1512 1426 ecquando
1540 1388 1627 1427 per-

96 1440 285 1492 pudescet
311 1439 511 1479 misc-enda
537 1445 652 1491 atque
684 1441 948 1492 perturbanda
983 1453 1024 1479 re
1057 1440 1243 1492 publica?
1294 1441 1371 1480 Sed
1404 1443 1435 1479 si
1469 1443 1627 1480 omnino

97 1506 134 1544 id
174 1507 260 1544 lieri
298 1518 375 1544 non
413 1510 558 1557 potest,
597 1506 663 1545 uhi
698 1518 768 1557 ego
802 1511 952 1545 mortua
987 1519 1071 1557 ero,
1104 1508 1225 1558 petito
1265 1506 1524 1546 tribunatum:
1558 1520 1629 1558 per

96 1584 157 1610 me
198 1572 312 1610 facito
352 1571 455 1623 quod
488 1571 649 1621 luhehfl,
683 1585 771 1610 cum
805 1584 875 1622 ego
912 1584 989 1610 non
1029 1573 1205 1610 sentiam.
1258 1572 1325 1610 uhi
1364 1577 1515 1611 mortua
1549 1585 1628 1623 ero,

97 1637 319 1687 parentabis
351 1637 447 1675 mihi
481 1641 515 1674 et
551 1637 755 1675 inuocabis
790 1637 903 1676 deum
938 1642 1151 1688 parentem.
1203 1639 1242 1675 in
1271 1650 1315 1675 eo
1344 1642 1519 1689 tempore
1549 1651 1626 1676 non

96 1703 211 1753 pudet
242 1707 278 1741 te
306 1714 440 1740 eorum
470 1701 583 1741 deum
610 1715 748 1753 preces
776 1708 970 1753 expetere,
998 1716 1095 1754 quos
1122 1704 1236 1741 uiuos
1264 1708 1378 1753 atque
1400 1708 1627 1753 praesentes

96 1768 253 1806 relictos
286 1773 401 1818 atque
435 1767 611 1805 desertos
644 1766 857 1806 habueris?
900 1781 947 1805 ne
980 1768 1044 1806 ille
1079 1769 1167 1806 sirit.
1192 1769 1368 1819 luppiter
1400 1774 1436 1806 te
1470 1781 1512 1806 ea
1539 1782 1626 1819 per-

96 1846 297 1883 seuerare,
340 1845 410 1871 nec
454 1832 522 1870 tibi
571 1838 713 1871 tantam
758 1833 992 1871 dementiam
1032 1835 1168 1871 uenire
1208 1835 1246 1871 in
1287 1833 1476 1871 animum!
1523 1836 1625 1872 etsi

97 1977 226 2013 Verba
260 1976 464 2014 Corneliae
499 1976 764 2015 Gracchorum
799 1979 938 2014 matris
972 1990 1016 2014 ex
1049 1977 1211 2014 cornelii
1246 1979 1402 2026 nepotis
1429 1977 1529 2015 libro
1564 1991 1625 2015 ex-

97 2038 229 2085 cerpta
262 2036 496 2083 Rhmumns)
616 2039 650 2073 1.
684 2032 900 2087 historicis]
930 2037 1152 2074 oratoribus
1179 2037 1405 2085 Nipperdey
1430 2048 1489 2084 op.
1503 2050 1544 2084 p.
1570 2039 1625 2075 99

155 2098 191 2133 4.
225 2096 329 2133 malo
362 2098 554 2144 tempores
588 2097 717 2143 Berylv·
747 2097 845 2133 Phil.
869 2096 979 2133 XVI
999 2098 1082 2134 (527
1180 2096 1316 2134 multis
1350 2097 1531 2145 partibus
1565 2110 1624 2134 ‹217-

88 2156 240 2201 plicarc
264 2156 389 2193 stmlet
411 2156 636 2204 Nipperdey
653 2168 695 2203 p.
720 2158 804 2193 116
842 2156 1058 2204 multisque
1093 2155 1290 2193 aetatibus
1326 2157 1512 2193 Petamus
1544 2158 1623 2203 for-

93 2216 198 2252 sitan
223 2215 360 2251 multis
387 2215 537 2252 artibus
632 2217 667 2252 7.
693 2214 825 2252 Verba
852 2215 1024 2252 eiusdem
1052 2215 1131 2253 alio
1158 2216 1243 2252 loco
1272 2215 1321 2252 ad
1344 2214 1381 2252 C.
1404 2215 1622 2253 Gracchum

94 2274 218 2311 filium
243 2274 281 2310 R
403 2274 438 2311 8.
472 2274 674 2311 inimicum
701 2286 770 2311 om.
795 2274 876 2322 Ge'f.
898 2278 919 2311 1‘.
941 2276 1101 2312 Ρθΐαηὶο
1190 2277 1325 2311 tantae
1352 2275 1443 2312 mol.
1467 2275 1503 2312 G

97 2334 132 2369 9.
161 2333 208 2370 ob
236 2345 300 2369 eas
326 2346 386 2371 res
413 2334 451 2370 R
574 2336 638 2371 10.
672 2332 825 2381 eorum]
854 2346 1031 2370 meorum
1058 2334 1156 2370 It'oz‘lt
1203 2346 1338 2370 eorum
1371 2346 1440 2371 om.
1469 2335 1523 2371 cd.
1550 2334 1622 2371 Sa-

98 2394 256 2429 naromfis
289 2404 341 2429 (m.
373 2392 531 2429 coram?
645 2394 708 2430 12.
737 2405 856 2441 agens
886 2393 921 2431 G
1069 2394 1132 2429 15.
1160 2394 1340 2441 superesi
1371 2405 1440 2431 om.
1467 2393 1503 2431 G

99 2453 162 2488 16.
197 2451 403 2488 aduersere
433 2452 512 2499 Gif.
547 2453 730 2490 aduerses
760 2453 794 2489 G
828 2452 1008 2490 aduerses
1036 2453 1072 2488 R
1180 2454 1243 2489 17.
1272 2465 1351 2500 qua
1377 2465 1502 2501 pausa
1526 2453 1561 2491 G

154 2510 354 2559 ecquando
384 2510 463 2558 Gis.
487 2511 523 2549 G
555 2514 593 2548 et
619 2511 775 2560 quando
802 2512 840 2548 R
981 2514 1044 2549 19.
1075 2511 1254 2548 insistere
1280 2512 1506 2560 Nipperdey
1556 2512 1619 2549 de*

95 2572 231 2608 sistere
258 2570 362 2608 codd.
402 2570 577 2619 desipere
603 2571 833 2617 Rmflslerszssus
934 2573 998 2607 21.
1029 2572 1093 2607 22.
1126 2584 1195 2619 per
1220 2583 1280 2607 me
1311 2571 1391 2618 Gis.
1422 2571 1454 2608 G
1489 2584 1559 2609 om.
1582 2573 1620 2609 R.

216 2631 280 2666 23.
314 2629 428 2666 deum
460 2628 679 2678 parentem]
708 2631 786 2668 void.
808 2631 962 2667 Jordan
990 2630 1128 2667 Herm.
1152 2630 1235 2667 XV
1251 2644 1293 2677 1).
1318 2631 1491 2678 53007111.

97 2690 161 2725 24.
195 2688 358 2737 pudebit
383 2690 521 2736 Haupt
546 2691 589 2727 in
614 2689 801 2735 Nippcrd.
829 2702 887 2735 op.
910 2704 950 2736 p.
975 2692 1058 2725 115)
1204 2702 1319 2738 paces
1352 2690 1431 2736 (uel
1464 2691 1618 2739 pacem)

96 2748 224 2795 Berfylc
250 2749 272 2784 l.
299 2760 328 2785 s.
454 2750 518 2785 25.
552 2750 657 2785 sinat
683 2749 720 2785 R
