1842 3133
210 708 444 749 Sterilitate
489 708 549 749 rei
594 722 720 761 saepe
772 723 949 750 numero
989 707 1232 762 deterritus,
1271 710 1352 750 fide
1391 710 1623 764 promissae

90 773 248 814 totiens
285 776 491 814 retractus
529 773 611 814 hoc
657 787 781 827 opus,
821 773 940 813 cuius
978 773 1165 827 priorem
1205 778 1367 828 partem
1408 777 1505 816 ante
1544 775 1622 817 hos

89 838 267 894 triginta
309 852 381 879 sex
420 852 553 879 annos
591 837 634 878 in
675 837 895 892 publicum
928 838 1052 893 edidi,
1085 839 1256 880 tandem
1288 839 1340 880 ad
1372 841 1499 881 finem
1532 855 1621 894 per-

88 904 218 944 texui.
262 903 464 944 nimirum
492 917 587 944 cum
616 903 874 944 adsiduitate
900 906 943 944 et
970 905 1211 945 constantia
1238 905 1466 959 scriptores
1494 905 1621 946 etiam

89 968 340 1023 posterioris
373 968 525 1009 aetatis
565 969 834 1022 maximeque
868 968 1141 1010 ecclesiastici
1174 970 1449 1024 peruoluendi
1491 975 1622 1025 erant,

87 1035 168 1075 etsi
207 1034 363 1089 exigua
401 1048 495 1088 spes
540 1033 752 1074 incitabat
796 1049 846 1075 ex
891 1034 958 1075 his
1006 1049 1229 1076 numerum
1279 1035 1619 1090 fragmentorum

88 1099 281 1155 augendi.
332 1114 432 1140 nam
465 1099 638 1140 illorum
671 1099 861 1140 studium
894 1099 1091 1140 uersandi
1119 1100 1163 1141 in
1190 1100 1249 1141 eis
1280 1100 1485 1155 historiis,
1514 1116 1620 1155 quae

86 1166 183 1218 post
216 1163 403 1219 Augusti
440 1163 729 1218 principatum
771 1164 1031 1219 compositae
1071 1168 1182 1219 sunt,
1214 1165 1405 1220 legendis
1440 1168 1482 1207 et
1514 1169 1618 1207 trac-

87 1229 227 1271 tandis
273 1232 442 1283 praeter
486 1244 567 1283 eas,
607 1244 714 1283 quae
755 1228 883 1270 etiam
921 1245 1033 1270 nunc
1073 1233 1314 1284 supersunt,
1353 1233 1451 1285 post
1490 1231 1619 1273 breue

85 1297 253 1348 tempus
287 1294 489 1349 elanguit,
520 1294 730 1348 paulatim
764 1295 1021 1336 exstinctum
1056 1298 1130 1348 est,
1170 1298 1318 1336 tenues
1351 1299 1493 1337 autem
1527 1312 1618 1337 sen—

86 1360 243 1400 tentiae
283 1359 567 1413 paucioraque
607 1360 756 1413 uerba,
796 1375 904 1414 quae
943 1375 992 1401 ex
1032 1360 1117 1401 illis
1158 1361 1272 1414 apud
1311 1361 1617 1403 ecclesiasticos

86 1427 253 1465 seruata
285 1428 396 1477 sunt,
429 1425 464 1465 si
500 1425 733 1480 Augustini
763 1425 1075 1466 Varronianum
1109 1426 1339 1479 exceperis,
1379 1441 1472 1467 raro
1507 1426 1617 1480 ipso—

85 1504 178 1530 rum
211 1489 427 1531 doctrinae
461 1490 680 1544 debentur,
716 1490 842 1531 etiam
876 1491 1023 1543 rarius,
1055 1505 1139 1544 quo
1172 1491 1366 1546 longiore
1399 1493 1536 1545 spatio
1570 1493 1617 1546 is,

84 1554 151 1596 cui
185 1555 396 1605 debemus,
435 1555 488 1596 ab
522 1555 770 1596 auctoribus
804 1555 1001 1609 distabat,
1040 1556 1100 1596 ita
1134 1559 1180 1597 ut
1213 1557 1382 1611 saepius
1414 1571 1490 1611 per
1521 1572 1615 1598 con-

83 1620 224 1674 plures
262 1635 413 1661 manus
453 1620 573 1674 quasi
614 1620 850 1662 hereditate
889 1636 1023 1675 usque
1056 1621 1107 1662 ad
1141 1624 1332 1662 nostram
1368 1622 1614 1664 memoriam

83 1688 321 1740 propagata
354 1686 449 1726 sint.

199 1749 348 1804 Itaque
388 1750 535 1792 labore
577 1750 819 1792 intermisso
858 1766 955 1792 cum
994 1751 1179 1806 experiri
1218 1753 1474 1807 statuissem,
1512 1768 1614 1794 num

83 1814 216 1856 inulta
248 1830 315 1856 me
347 1815 570 1871 fugissent,
605 1817 806 1858 omnibus
839 1816 1093 1871 fragmentis
1125 1816 1429 1858 historicorum
1464 1818 1614 1859 Roma-

81 1894 233 1921 norum
266 1895 299 1921 a.
330 1881 442 1922 1882}
476 1881 659 1932 emissis,
692 1882 727 1922 si
764 1881 866 1936 quid
897 1882 1090 1923 nouisset
1123 1883 1299 1935 rectius,
1331 1885 1379 1924 ut
1411 1883 1613 1924 candidus

81 1944 317 2001 inpertiret,
362 1946 405 1986 in
450 1946 730 2000 inscriptione
775 1947 971 1989 inuitaui.
1028 1962 1240 2002 perpauca
1285 1950 1428 1989 tamen
1473 1948 1613 1990 adlata

81 2013 190 2051 sunt.
243 2025 350 2065 quae
383 2026 479 2065 spes
513 2026 772 2066 quamquam
805 2028 872 2053 me
898 2012 1065 2067 fefellit,
1099 2013 1286 2053 animum
1314 2016 1458 2055 tamen
1485 2017 1612 2067 atque

80 2075 275 2117 fiduciam
298 2077 439 2130 operis
460 2077 708 2118 absoluendi
730 2077 812 2118 hoc
837 2078 972 2118 erexit
992 2081 1033 2119 et
1055 2078 1335 2119 confirmauit.
1383 2079 1454 2119 sed
1476 2078 1611 2132 prius-

81 2154 208 2194 quam
235 2141 288 2182 ad
314 2142 555 2197 fragmenta
580 2142 850 2183 retractanda
871 2143 1131 2197 adgrederer,
1157 2143 1316 2184 multae
1337 2143 1610 2185 difficultates

80 2208 121 2246 et
163 2205 450 2248 dubitationes
490 2207 764 2261 explicandae
803 2211 934 2262 erant,
973 2223 1023 2249 ex
1057 2208 1214 2262 quibus
1248 2208 1610 2262 disputationibus

81 2269 209 2311 etiam
253 2271 335 2312 duo
381 2271 600 2313 uolumina
647 2271 749 2328 (Die
789 2273 1091 2325 yescleichtliclcc
1134 2274 1363 2314 Litteratm·
1406 2275 1504 2315 iiber
1546 2275 1611 2315 die

78 2336 275 2377 romische
301 2337 536 2378 Kaiserzeit
565 2338 628 2379 bis
657 2338 904 2380 Theodosius
937 2338 968 2379 Ι
992 2340 1080 2380 ‹zmd
1112 2339 1200 2379 ihre
1231 2339 1407 2392 Qnellen,
1440 2339 1608 2392 Lipsiae

79 2399 123 2440 in
154 2400 330 2441 aedibus
363 2401 671 2443 Teubnerianis
708 2401 840 2459 1897)
873 2406 1117 2456 euaserunt,
1157 2404 1210 2444 ad
1248 2418 1355 2458 quae
1394 2419 1465 2445 eos
1500 2404 1607 2445 dele-

79 2465 281 2520 gauerim,
315 2466 387 2520 qui
420 2467 546 2508 huius
573 2469 793 2522 prooemia
826 2469 1172 2510 desiderauerint.

195 2529 320 2572 Nunc
362 2531 590 2586 scriptores
630 2533 777 2574 eadem
815 2534 979 2574 ratione
1019 2534 1237 2575 ordinatos
1277 2534 1480 2588 proposui
1524 2550 1606 2589 qua

79 2594 232 2648 prioris
264 2596 507 2651 uoluminis,
545 2598 627 2639 nisi
662 2599 776 2652 quod
807 2598 875 2639 hic
908 2598 995 2639 illic
1028 2598 1299 2639 similitudini
1335 2599 1504 2654 generis
1538 2599 1606 2640 uel

78 2660 231 2713 speciei
265 2661 362 2714 plus
395 2661 529 2703 tribui
564 2677 691 2716 quam
724 2663 865 2714 aetati,
899 2664 1130 2718 eademque
1163 2663 1372 2705 instructa
1404 2667 1446 2705 et
1479 2665 1605 2705 adno-

77 2726 167 2765 tata
197 2725 448 2780 fragmenta.
492 2742 591 2768 nam
617 2729 800 2782 primum
829 2729 969 2769 omnia
1003 2728 1210 2784 congessi,
1236 2744 1343 2783 quae
1370 2744 1445 2783 per
1471 2744 1604 2770 annos
