1842 3133
418 145 702 180 IMPERATOR
728 146 766 179 P.
789 144 960 179 AELIVS
988 143 1272 178 HADRIANVS
1430 143 1621 174 CLXXVII

87 257 293 297 duodecim
333 257 487 308 collegit
528 262 566 295 et
605 256 728 295 edidit
767 257 1008 305 (Charisp.
1038 255 1123 293 222
1150 256 1220 302 K.)
1261 260 1298 293 et
1343 268 1453 293 suam
1498 257 1620 294 uitam

86 329 128 362 ut
167 323 364 373 Augustus
406 323 687 373 principesque
727 323 876 359 ueteris
917 322 974 359 rei
1019 320 1200 371 publicae
1245 316 1462 375 scripsitl),
1508 322 1620 359 cuius

85 393 217 427 tamen
244 387 364 426 libros
391 400 469 425 non
496 400 566 426 suo
595 388 753 425 nomine
781 398 871 425 eum
899 385 1121 436 publicasse
1145 385 1376 436 Spartianus
1405 386 1526 424 refert
1552 386 1621 425 sed

86 453 363 492 libertinorum
402 452 681 502 litteratorum,
722 464 770 489 ne
811 453 894 502 ipse
933 452 1052 489 nimis
1094 451 1217 489 famae
1251 450 1419 489 celebris
1456 451 1622 502 cupidus

87 530 174 557 esse
212 517 429 569 uideretur,
463 515 568 556 ‘nam
608 523 645 555 et
685 516 910 567 Phlegontis
950 515 1041 553 libri
1075 515 1262 553 Hadriani
1300 529 1385 554 esse
1421 515 1620 555 dicuntur'

87 585 177 631 (uit.
200 584 267 634 16,
289 583 326 621 1.
354 596 391 622 u.
418 584 556 622 Gesch.
580 583 671 621 Litt.
695 583 721 619 I
742 582 860 628 375).
913 580 1133 619 Hadrianus
1168 586 1296 619 tamen
1332 583 1415 632 ipse
1447 587 1491 620 ut
1526 584 1622 620 scri-

85 653 174 699 ptor
206 649 291 687 eius
322 649 427 687 uitae
467 654 505 686 et
544 660 563 685 a
597 647 804 697 Spartiano
844 651 882 685 et
921 659 940 684 a
983 645 1117 684 Cassio
1156 645 1278 684 Dione
1318 648 1463 685 citatur
1495 660 1622 698 neque

85 726 252 764 usquam
283 725 387 751 unus
421 726 467 751 ex
501 714 585 751 eius
618 712 783 762 libertis,
817 717 860 750 ut
887 711 951 749 illa
979 712 1097 761 fraus,
1132 713 1165 749 si
1191 723 1287 749 uere
1316 714 1524 750 commissa
1554 718 1624 763 est,

87 778 200 817 breui
235 778 386 816 detecta
419 783 457 816 et
489 782 665 816 correcta
700 789 786 815 esse
819 776 1013 815 uideatur.
1066 776 1134 814 sed
1168 777 1252 814 siue
1280 776 1452 815 alienum
1481 791 1623 817 nomen

86 844 322 894 inscriptum
350 848 434 881 erat
467 844 551 881 siue
585 842 680 880 haec
714 841 843 880 fabula
877 842 965 879 ficta
1000 846 1070 892 est,
1104 841 1299 892 cupiditas
1332 842 1491 892 gloriae,
1525 856 1624 894 quae

88 909 204 946 etiam
237 908 393 959 plebem
426 907 737 959 amplectebatur
763 908 853 954 (uit.
883 908 919 955 7,
947 908 984 945 6.
1019 907 1086 957 17,
1108 906 1146 944 8.
1181 908 1258 945 Dio
1292 908 1359 957 69,
1387 908 1425 957 3,
1453 909 1490 946 2.
1524 910 1624 948 Aur.

97 974 194 1012 Vict.
216 976 308 1022 epit.
330 974 397 1023 14,
420 974 477 1021 6),
503 974 580 1011 iam
608 974 841 1023 antiquitate
874 977 1006 1010 notata
1034 984 1081 1010 ex
1107 973 1244 1022 paucis
1272 973 1501 1023 fragmentis
1531 975 1625 1012 satis

89 1038 217 1077 elucet
238 1039 499 1085 (Geschz‘chtl.
527 1039 620 1077 Litt.
643 1039 725 1087 [ρ.
747 1038 834 1076 374
853 1039 943 1086 sq).
994 1049 1083 1076 nam
1127 1037 1172 1075 fr.
1210 1036 1231 1076 1
1273 1039 1465 1088 originem
1516 1040 1626 1077 fami-

87 1103 162 1142 liae
196 1115 289 1142 suae
322 1115 400 1142 non
434 1116 480 1141 ex
513 1103 712 1154 Hispania,
752 1115 851 1153 quae
883 1104 1033 1141 ueritas
1067 1102 1152 1153 fuit,
1192 1102 1260 1141 sed
1294 1115 1339 1141 ex
1372 1103 1481 1142 Italia
1515 1117 1626 1155 repe-

89 1164 191 1223 tit2),
219 1169 265 1207 fr.
287 1166 313 1207 2
345 1168 585 1207 uinolentiae
620 1169 786 1207 crimine
815 1168 1029 1206 Traianum
1063 1164 1344 1222 insequitur3),
1378 1169 1423 1207 fr.
1451 1167 1477 1207 3
1511 1182 1627 1208 omen

89 1235 247 1284 imperii
279 1234 412 1283 refert,
445 1234 492 1272 fr.
518 1231 546 1271 4
579 1246 620 1272 se
653 1235 779 1272 inuito
813 1238 1016 1271 senatores
1056 1234 1208 1271 occisos
1247 1245 1346 1284 esse,
1387 1234 1432 1272 fr.
1460 1232 1486 1273 5
1520 1235 1627 1273 Anti-

88 1311 208 1337 noum
238 1311 331 1337 casu
363 1300 548 1337 interisse
582 1298 713 1349 tradit,
747 1299 792 1337 fr.
820 1296 845 1337 6
879 1297 958 1336 Titi
991 1297 1097 1336 laudi
1128 1298 1292 1336 inuidet.
1304 1294 1340 1352 4)

209 1369 432 1421 Conscripti
471 1375 602 1408 autem
642 1375 734 1408 sunt
772 1369 865 1407 libri
898 1364 1009 1423 (nam
1048 1369 1182 1420 plures
1216 1370 1392 1420 fuerunt,
1426 1374 1495 1410 uit.
1525 1372 1562 1419 1,
1590 1373 1627 1410 1.

91 1435 158 1483 16,
186 1430 245 1488 1),
278 1440 486 1486 postquam
512 1434 735 1473 Hadrianus
768 1447 813 1473 ex
848 1434 970 1473 altero
1003 1435 1146 1473 itinere
1174 1434 1337 1473 Romam
1371 1435 1494 1474 redux
1523 1431 1566 1490 (i.
1596 1449 1628 1475 e.

90 1511 191 1538 anno
234 1496 336 1554 134)
371 1499 647 1551 tranquillitati
686 1512 728 1538 se
768 1499 892 1549 dedit,
932 1504 1021 1538 ante
1060 1499 1242 1538 morbum
1282 1500 1437 1539 letalem
1477 1514 1507 1540 a.
1545 1500 1628 1541 136

91 1566 221 1612 (Plew
245 1578 288 1615 p.
318 1566 452 1616 6sq.),
485 1565 615 1617 idque,
661 1566 694 1603 si
739 1565 912 1603 indolem
955 1577 1065 1603 suam
1111 1565 1310 1616 seruabat,
1356 1578 1445 1604 cum
1490 1579 1629 1617 magna

91 1632 319 1669 curiositate
342 1632 526 1679 (Tertull.
542 1633 643 1680 apol.
660 1631 705 1678 5)
728 1630 939 1681 latinoque,
963 1635 1007 1669 ut
1032 1632 1121 1669 ueri
1148 1630 1276 1669 simile
1298 1636 1367 1682 est,
1389 1628 1629 1686 sermone5),

92 1695 415 1747 duraueruntque
448 1708 520 1747 per
552 1695 710 1746 aliquod
741 1697 931 1746 temporis
959 1697 1148 1748 spatium,
1181 1708 1269 1734 nam
1299 1709 1387 1734 eum
1416 1697 1629 1748 Septimius

92 1760 264 1799 Seuerus
308 1760 472 1799 Romam
516 1762 704 1811 uenisset,
751 1758 963 1811 ‘hospitem
1009 1766 1175 1799 nanctus
1221 1766 1290 1810 est,
1336 1763 1402 1812 qui
1442 1762 1629 1802 Hadriani

90 1827 214 1864 uitam
258 1827 552 1877 imperatoriam
597 1825 734 1865 eadem
778 1826 873 1864 hora
921 1826 1088 1877 legeret,
1134 1826 1238 1877 quod
1283 1826 1348 1865 ille
1394 1827 1469 1866 sibi
1515 1841 1629 1867 omen

92 1890 247 1929 futurae
293 1890 491 1930 felicitatis
537 1889 720 1942 arripuit'
761 1892 915 1941 (Spart.
951 1892 1043 1930 Seu.
1078 1892 1116 1940 I,
1144 1892 1202 1942 6),
1246 1892 1362 1942 paulo
1406 1898 1495 1943 post
1540 1906 1630 1932 eum

92 1955 251 1994 Cassius
282 1955 354 1994 Dio
393 1957 614 2007 inspexisse
653 1956 814 1995 uidetur
847 1957 916 2006 (fr.
939 1958 977 1995 5.
1006 1958 1064 2007 6),
1100 1956 1269 2008 denique
1303 1957 1553 2008 Spartianum
1590 1961 1630 1998 in

214 2118 246 2160 1)
274 2116 398 2150 Etiam
424 2117 586 2152 indicem
612 2129 736 2152 rerum
763 2129 784 2151 a
812 2129 850 2153 se
877 2119 1068 2162 gestarum
1095 2118 1132 2152 in
1154 2118 1321 2153 Pantheo
1344 2120 1562 2155 Atheniensi
1584 2122 1629 2156 ab

93 2169 286 2203 Hadriano
313 2170 535 2214 inscriptum
562 2182 642 2205 esse
663 2171 916 2206 Wilamowitz
938 2171 1061 2206 Herm.
1084 2176 1124 2205 21
1155 2184 1189 2216 p.
1214 2176 1279 2206 623
1308 2173 1477 2208 coniecit.

214 2225 247 2267 2)
276 2222 406 2258 Gesch.
428 2223 516 2258 Eitt.
538 2224 554 2258 I
573 2237 608 2269 p.
627 2228 706 2258 302.
743 2224 848 2266 Quod
870 2225 1090 2269 Spartianus
1115 2229 1144 2267 1,
1162 2229 1181 2259 3
1203 2225 1436 2260 Hadrianum
1459 2227 1628 2262 ‘Romae’

94 2277 224 2309 natum
251 2286 331 2310 esse
357 2277 525 2321 tradidit,
552 2277 634 2322 ipse
661 2277 844 2312 errauisse
873 2279 1036 2322 uidetur,
1070 2277 1111 2312 G.
1133 2278 1279 2323 Tropea
1306 2279 1416 2313 Stmh'
1439 2282 1537 2325 εῑιῃῑιῖ
1555 2282 1630 2316 Ser.

94 2330 176 2363 hist.
199 2330 294 2374 Auy.
323 2329 356 2363 V
355 2331 387 2365 Ι.

216 2384 249 2426 3)
277 2381 329 2416 Cf.
351 2382 502 2428 Eutrop.
526 2388 557 2426 8,
580 2388 616 2418 6;
646 2385 709 2429 qui
734 2385 976 2430 (Hadrianus)
1008 2386 1166 2420 Traiani
1190 2386 1328 2430 gylorz'ae
1353 2387 1534 2422 maidens.

215 2437 249 2479 4)
278 2434 439 2470 Consilio
467 2437 587 2481 omisi,
615 2449 710 2481 quae
738 2438 952 2472 coniectura
977 2439 1024 2472 ad
1045 2438 1227 2472 Hadriani
1248 2439 1367 2472 uitam
1387 2439 1508 2474 relata
1535 2443 1631 2481 sunt,

96 2488 201 2521 uelut
227 2499 323 2531 quae
350 2489 395 2523 de
423 2490 623 2534 adoptione
655 2491 773 2538 ipsius
800 2492 953 2526 Traiani
981 2492 1082 2536 apud
1116 2491 1355 2535 spartianum
1382 2494 1541 2537 exstant,
1572 2495 1632 2528 uel

97 2552 193 2585 quae
214 2541 259 2574 de
281 2542 459 2586 exemplis
481 2554 525 2577 ex
545 2545 734 2579 uetustate
754 2545 924 2589 repetitis
940 2545 999 2588 (cf,
1017 2545 1191 2579 Wilcken
1211 2545 1333 2579 Herm.
1351 2549 1393 2579 37
1415 2558 1449 2590 p.
1466 2550 1510 2580 84
1526 2551 1631 2592 sqq),

96 2606 132 2628 u.
148 2594 387 2628 Kornemann
412 2595 434 2629 l.
458 2607 484 2630 s.
506 2609 541 2641 p.
565 2601 605 2630 11
623 2609 701 2641 sqq.
730 2602 773 2631 41
794 2609 847 2641 sq.

218 2649 252 2692 5)
279 2647 359 2681 Huc
387 2649 501 2683 etiam
527 2650 565 2683 P.
589 2651 634 2684 de
654 2651 881 2685 Winterfeld
909 2651 1086 2685 clausulis
1112 2651 1215 2685 uitae
1243 2652 1431 2696 Spartiani
1458 2654 1631 2688 obserua-

98 2701 146 2734 tis
183 2700 364 2734 deductus
397 2704 465 2745 est,
499 2714 594 2746 quae
628 2704 666 2737 in
699 2704 869 2748 partibus
897 2704 1122 2748 quibusdam
1149 2705 1198 2739 ad
1222 2705 1341 2739 uitam
1368 2706 1551 2741 Hadriani
1576 2719 1633 2742 re-

99 2753 300 2787 deuntibus
321 2754 521 2790 deficerent
535 2758 594 2801 (m.
611 2757 679 2791 Rh.
696 2761 740 2791 57
761 2770 794 2802 p.
812 2761 1024 2801 549-555),
1040 2759 1162 2792 minus
1184 2759 1309 2792 tamen
1330 2758 1492 2793 feliciter
1512 2760 1632 2805 ipsam

101 2806 337 2850 imperatoris
363 2807 481 2842 uitam
509 2821 529 2843 a
557 2810 755 2854 Spartiano
782 2811 1067 2855 transscriptam
1094 2823 1174 2846 esse
1200 2812 1287 2846 hinc
1314 2812 1505 2848 conclusit.

171 2879 249 2902 Hist.
270 2878 354 2903 Rom.
375 2881 428 2906 rel.
448 2882 488 2914 II,
509 2882 553 2906 ed.
574 2883 691 2907 Peter.
1281 2871 1347 2905 ΧΠ
