1842 3133
211 127 292 168 152
392 127 536 161 VITAE
564 126 700 161 AVCT.
723 127 754 160 A
781 125 1049 160 TREBELLIO
1076 126 1137 161 ΕΤ
1164 127 1195 160 Α
1222 126 1421 162 VOPISCO
1448 126 1565 162 NOM.

101 238 166 267 '273
208 240 339 288 regina
379 239 541 276 orientis
580 236 787 275 Aureliano
828 237 1011 288 Angusto.
1063 250 1175 277 nemo
1221 238 1346 277 adhuc
1390 244 1546 291 praeter
1584 245 1622 278 te
1660 240 1734 279 hoc

90 297 177 327 ¹0²⁶
207 303 307 354 qnod
335 304 478 354 poscis,
505 302 646 341 litteris
673 303 781 353 petit.
824 304 970 341 uirtute
1000 303 1220 343 faciendum
1248 309 1306 343 est
1332 304 1522 356 quidquid
1548 306 1588 343 in
1616 305 1733 345 rebus

205 368 356 406 bellicis
384 374 443 406 est
468 367 695 419 gerendum.
742 367 980 407 deditionem
1007 381 1133 408 meam
1160 370 1274 422 petis,
1306 371 1419 422 quasi
1444 371 1597 410 nescias
1624 371 1732 410 Cleo-

205 440 353 486 patram
396 435 570 484 reginam
609 434 739 484 perire
778 433 964 472 maluisse
1003 447 1119 485 quam
1158 436 1198 474 in
1234 435 1407 487 qualibet
1437 436 1575 475 uiuere
1609 436 1733 488 digni-

207 506 291 539 tate.
327 500 438 538 nobis
472 500 679 538 Persarum
707 499 849 537 auxilia
876 512 953 538 non
988 499 1141 549 desunt,
1174 514 1271 552 quae
1303 502 1381 540 iam
1414 514 1630 554 speramus,
1662 515 1733 554 pro

205 566 317 604 nohis
351 570 442 603 sunt
475 564 671 616 Saraceni,
704 577 774 616 pro
808 564 920 603 nobis
953 565 1138 605 Armenii.
1189 566 1360 606 latrones
1393 567 1481 619 Syri
1517 568 1733 607 exercitum

206 638 325 682 nunu,
353 630 571 681 Aureliane,
598 631 802 669 uicerunt:
837 630 959 681 qnid?
992 632 1024 669 si
1051 632 1172 682 igitur
1198 631 1262 670 illa
1289 634 1445 671 uenerit
1470 645 1608 672 manus
1635 646 1733 684 quae

204 697 376 747 undique
423 702 621 747 slwratur,
667 709 788 747 pones
835 697 1008 747 proferto
1055 697 1328 749 supercilium,
1373 711 1448 749 quo
1494 711 1599 737 nunc
1636 699 1733 738 mihi

205 762 454 812 deditionem,
494 763 606 812 quasi
651 762 895 800 omnifariam
941 763 1085 813 uictor,
1130 761 1329 814 imperas.’
1380 763 1488 802 Hanc
1527 764 1732 816 epistulam

204 827 464 866 Nicomachus
505 840 545 865 se
586 827 834 866 transtulisse
875 828 914 866 in
948 828 1140 867 Graecum
1174 841 1220 867 ex
1254 828 1385 880 lingua
1419 829 1605 881 Syrorum
1640 830 1733 869 dicit

203 893 249 930 ab
289 894 372 943 ipsa
412 892 580 931 Zenobia
624 893 818 931 dictatam.
876 906 965 932 nam
1009 892 1074 932 illa
1120 895 1300 946 superior
1343 895 1541 934 Aureliani
1587 895 1733 934 Graeca

203 959 321 997 missa
355 964 425 997 est.

741 1076 1193 1125 ASCLEPIODOTI

324 1180 365 1224 l.
410 1186 561 1234 I'opisc.
590 1186 689 1223 Aur.
720 1185 794 1233 44,
821 1185 847 1223 2
892 1184 1134 1225 Verconnius
1180 1186 1464 1238 Herennianus,
1509 1188 1732 1238 praefectus

202 1251 387 1301 praetorii
415 1250 657 1301 Diocletiani,
687 1256 784 1288 teste
811 1249 1083 1301 Asclepiodoto
1118 1264 1235 1303 saepe
1270 1251 1422 1290 dicebat
1447 1251 1730 1292 Diocletianum

202 1318 430 1366 frequenter
483 1315 646 1365 dixisse,
697 1328 786 1354 cum
838 1315 1061 1354 Maximiani
1111 1318 1362 1368 asperitatem
1412 1317 1731 1370 reprehenderet,

200 1380 508 1419 Aurelianum
544 1382 668 1431 magis
702 1380 840 1419 ducem
874 1393 960 1419 esse
995 1381 1178 1421 debuisse
1212 1396 1326 1434 quam
1359 1384 1590 1434 principem.
1642 1396 1731 1422 nam

201 1447 286 1484 eius
326 1447 445 1484 nimia
481 1448 662 1484 ferocitas
702 1445 828 1484 eidem
865 1445 1106 1497 displicebat.
1158 1447 1336 1486 mirabile
1376 1449 1540 1487 sortasse
1573 1448 1732 1488 uidetur

201 1511 303 1561 quod
338 1517 569 1562 conpertum
603 1511 842 1550 Diocletiano
876 1512 1174 1564 Asclepiodotus
1209 1512 1363 1551 Celsino
1404 1513 1626 1552 consiliario
1660 1527 1730 1553 suo

201 1576 346 1615 dixisse
393 1577 588 1628 perhibet,
634 1576 703 1616 sed
744 1577 789 1615 de
828 1577 901 1616 hoc
943 1579 1091 1629 posteri
1134 1577 1376 1617 iudicabunt.
1429 1578 1581 1618 dicebat
1625 1581 1729 1618 enim

201 1641 367 1692 quodam
402 1648 577 1693 tempore
604 1642 856 1681 Aurelianum
885 1642 1102 1682 Gallicanas
1130 1643 1376 1683 consuluisse
1404 1643 1568 1695 dryadas
1596 1645 1730 1683 scisci-

200 1712 359 1758 tantem,
400 1713 533 1746 utrum
580 1707 681 1759 apud
724 1709 808 1747 eius
850 1714 1029 1759 posteros
1073 1710 1283 1761 imperium
1328 1715 1595 1761 permaneret,
1641 1723 1729 1749 cum

200 1772 284 1810 illas
313 1773 564 1824 respondisse
593 1772 690 1811 dixit
722 1773 868 1813 nullius
902 1774 1044 1813 clarius
1072 1776 1110 1813 in
1140 1787 1182 1813 re
1208 1788 1244 1826 p.
1266 1787 1408 1814 nomen
1435 1788 1551 1826 quam
1579 1775 1729 1814 Claudii

199 1844 445 1889 posterorum
480 1839 666 1878 futurum.

686 2006 949 2053 AVRELII
988 2006 1239 2054 FESTIVI

321 2108 361 2152 1.
404 2114 646 2163 1⁷012.F2·rm.
676 2114 712 2162 6,
742 2114 765 2152 I
824 2113 927 2153 Haec
966 2126 1036 2152 nos
1076 2113 1122 2153 de
1161 2114 1315 2153 Firmo
1355 2116 1585 2166 cognouisse
1624 2117 1727 2154 scire

200 2177 386 2228 debuisti,
432 2178 499 2216 sed
546 2178 661 2229 digna
700 2184 929 2218 memoratu.
982 2192 1070 2218 nam
1110 2192 1172 2231 ea,
1212 2192 1310 2231 quae
1357 2180 1403 2218 de
1442 2180 1507 2218 illo
1547 2181 1727 2220 Aurelius

200 2243 379 2281 Festinus
413 2243 577 2282 libertus
611 2244 808 2283 Aureliani
842 2244 1067 2295 singillatim
1102 2244 1267 2296 rettulit,
1308 2246 1340 2283 si
1378 2246 1438 2284 uis
1479 2258 1727 2297 cognoscere,

198 2307 365 2346 cundem
406 2314 559 2359 oportet
599 2309 715 2360 legas,
754 2311 921 2348 maxime
958 2323 1046 2348 cum
1082 2309 1184 2349 dicat
1215 2310 1389 2349 Firmum
1423 2311 1591 2350 eundem
1624 2312 1727 2350 inter

318 2434 353 2469 1.
382 2435 438 2469 De
466 2436 715 2480 Asclepiodoto
747 2436 823 2470 uid.
852 2437 1001 2480 Prosop.
1032 2437 1055 2469 1
1077 2448 1115 2481 p.
1146 2439 1216 2471 190
1247 2440 1388 2479 n.158‚
1421 2438 1462 2471 de
1491 2438 1725 2481 Verconmfl'o

202 2482 284 2516 Her.
308 2482 485 2527 Boryhesi
514 2484 576 2527 Op.
600 2484 640 2517 X
658 2495 697 2528 p.
720 2487 800 2518 147.
842 2484 914 2518 Die
942 2484 1071 2528 Script.
1093 2485 1173 2519 hist.
1195 2485 1289 2530 Aug.
1307 2496 1345 2529 1).
1369 2490 1466 2529 usq„
1486 2497 1599 2530 supra
1613 2497 1652 2530 1).
1678 2500 1723 2521 cc.

317 2613 352 2648 4.
381 2612 615 2660 captiuitate
637 2614 837 2651 Baehrens·
859 2626 949 2651 cmm.
968 2616 1106 2662 1331).
1121 2617 1209 2653 223
1304 2617 1367 2654 10.
1396 2615 1672 2654 nichomachus
1691 2617 1728 2653 P

320 2666 360 2721 l,
397 2673 460 2709 18.
494 2669 573 2722 (a)
594 2672 718 2711 Diocl.
739 2674 959 2711 Illommsen
980 2675 1112 2712 Herm.
1130 2675 1258 2713 XXV
1272 2688 1314 2724 p.
1336 2675 1423 2713 258
1548 2677 1610 2713 19.
1638 2688 1722 2724 per-

196 2730 353 2767 hibetur
379 2732 415 2766 l’
575 2733 640 2769 20.
675 2733 901 2771 aurelianus
921 2734 958 2770 P
1099 2734 1321 2772 Gallizenas
1347 2734 1395 2772 L.
1417 2734 1519 2773 Paul
1538 2735 1720 2773 Fleclteis.

197 2801 287 2826 mm.
314 2790 395 2827 1-15
414 2803 454 2837 J).
480 2792 563 2828 795
583 2804 635 2839 sq.
760 2794 824 2829 22.
858 2805 918 2830 res
950 2788 975 2839 ᾗ
1011 2793 1047 2830 P

1754 848 1787 873 10

1753 1335 1784 1360 15

1750 1662 1784 1686 20

1747 2202 1779 2227 25
