1842 3133
39 1646 80 1680 fr.
101 1650 141 1680 17

167 117 220 157 7⁶..)-
784 114 819 149 Γ.
844 114 940 149 IVLI
968 114 1139 148 HYGINI

164 233 287 266 ortam
329 227 438 277 dicit,
472 239 588 278 quam
621 226 780 277 quidam
820 225 867 263 ad
906 225 1191 263 inlustrandam
1233 224 1395 275 gloriam
1429 225 1606 264 Caesaris
1638 227 1696 264 iu-

163 295 276 331 uenis
310 294 508 344 pertinere
543 291 831 330 existimabant.

285 355 327 397 ⁵2.
364 359 477 396 Seru.
495 359 551 396 ad
570 358 667 395 Aen.
694 357 728 393 V
748 357 835 394 556
868 355 1035 394 Baebius
1064 362 1193 394 tamen
1215 355 1345 394 Macer
1372 355 1463 394 dicit
1492 369 1510 394 a
1533 356 1698 394 Caesare

165 425 338 474 Augusto
371 424 517 473 pneris,
551 423 617 473 qui
651 421 823 460 luserant
859 421 1027 469 Troiam,
1063 421 1223 459 donatas
1256 433 1342 459 esse
1377 420 1506 471 galeas
1540 426 1577 460 et
1610 421 1699 459 bina

166 488 330 527 hastilia.
1739 497 1753 521 5

691 679 736 723 tf.
777 676 908 723 IVLI
948 676 1181 722 HYGINI

809 784 1062 822 EXEMPLA

290 883 330 927 l.
371 888 464 925 Gell.
492 887 537 924 Χ
561 885 628 936 18,
650 887 675 924 5
715 885 757 923 Id
790 890 1088 923 monumentum
1123 885 1331 923 Artemisia
1366 897 1453 923 cum
1489 884 1546 923 dis
1580 886 1702 923 mani-

167 953 240 991 bus
274 953 398 991 sacris
430 951 595 990 Mausoli
630 950 796 1001 dicaret,
830 963 970 1001 agona,
1004 950 1042 987 id
1077 955 1137 988 est
1170 955 1369 988 certamen
1402 950 1582 989 laudibus
1619 952 1702 989 eius

169 1017 366 1067 dicundis,
401 1018 491 1055 facit
524 1017 712 1067 ponitque
746 1017 919 1067 praemia
958 1017 1148 1066 pecuniae
1188 1015 1433 1067 aliarumque
1470 1028 1603 1055 rerum
1637 1016 1702 1054 bo-

168 1096 306 1122 narum
347 1082 598 1134 amplissima.
658 1081 705 1120 ad
745 1094 809 1120 eas
849 1080 984 1119 laudes
1026 1080 1281 1119 decertandas
1319 1082 1479 1120 uenisse
1519 1081 1705 1120 dicuntur

167 1150 244 1187 uiri
278 1148 429 1187 nobiles
463 1149 620 1198 ingenio
654 1152 769 1198 atque
803 1146 933 1197 lingua
968 1145 1213 1197 praestabili,
1252 1146 1546 1198 Theopompus,
1579 1147 1703 1185 Theo·
1727 1159 1759 1183 10

169 1214 314 1265 demes,
343 1213 569 1252 Naucrates.
593 1236 645 1239 —
676 1212 752 1251 Sed
780 1225 825 1251 eo
856 1213 1070 1250 certamine
1103 1213 1249 1250 uicisse
1276 1211 1572 1263 Theopompum
1604 1212 1703 1251 iudi-

169 1286 297 1318 catum
333 1285 402 1318 est.
432 1302 485 1306 ——
520 1279 657 1317 Exstat
695 1290 800 1316 nunc
837 1290 992 1329 quoque
1026 1276 1238 1315 Theodecti
1272 1277 1482 1328 tragoedia,
1515 1290 1614 1328 quae
1646 1279 1704 1316 in-

169 1345 358 1383 scribitur
396 1344 610 1394 Mausolus,
655 1345 695 1382 in
741 1356 815 1394 qua
856 1355 945 1381 eum
979 1344 1102 1391 magis
1135 1355 1251 1393 quam
1290 1343 1330 1381 in
1363 1355 1478 1394 prosa
1511 1342 1705 1394 placuisse

169 1410 344 1462 Hyginus
377 1411 416 1448 in
451 1409 640 1460 exemplis
674 1410 806 1448 refert.

344 1543 412 1579 DE
446 1542 576 1579 VITA
610 1541 889 1587 REBVSQVE
924 1539 1257 1577 INLVSTRIVM
1289 1538 1533 1578 VIRORVM

291 1634 332 1676 ⁸2.
369 1638 513 1676 Ascon.
542 1639 581 1675 in
617 1636 750 1674 pison.
769 1648 812 1684 p.
842 1635 896 1673 12
924 1635 1034 1673 K.-S.
1078 1634 1230 1673 Valerio
1268 1634 1452 1685 Maximo,
1497 1639 1540 1673 ut,
1572 1635 1705 1673 Antias
1730 1646 1759 1670 15

171 1702 348 1752 tradidit,
382 1702 487 1740 inter
527 1701 622 1739 alios
660 1701 831 1739 honores
865 1699 1003 1738 domus
1037 1712 1192 1751 quoque
1224 1699 1381 1751 publice
1415 1699 1616 1738 aedificata
1648 1706 1703 1739 est

170 1769 210 1806 111
248 1767 413 1818 Palatio,
447 1768 558 1806 cuius
598 1767 743 1816 exitus,
783 1778 859 1816 quo
898 1767 1021 1815 magis
1060 1766 1226 1815 insignis
1267 1771 1388 1816 esset,
1426 1766 1466 1803 in
1505 1765 1704 1816 publicum

170 1845 312 1872 uersus
348 1832 624 1882 declinaretur,
657 1831 731 1870 hoo
765 1836 825 1869 est
851 1835 958 1869 extra
986 1832 1185 1881 priuatum
1216 1832 1447 1882 aperiretur.
1494 1831 1705 1869 Varronem

172 1904 301 1937 antem
343 1898 499 1937 tradere
533 1897 580 1936 M.
607 1897 773 1946 Valerio,
806 1897 895 1947 quia
937 1897 1093 1947 saepius
1131 1897 1300 1947 uicerat,
1339 1896 1456 1935 aedes
1488 1897 1527 1934 in
1560 1896 1706 1935 Palatio

173 1964 338 2002 tributas
372 1963 493 2002 Iulius
526 1963 702 2014 Hyginus
736 1961 827 1999 dicit
862 1962 902 1999 in
937 1961 1035 1999 libro
1064 1963 1193 2012 priore
1222 1961 1268 2000 de
1294 1962 1394 2000 uiris
1421 1961 1549 2013 claris,
1576 1962 1614 2000 P.
1637 1962 1706 2000 Va·
1729 1972 1762 1996 :³0

172 2029 268 2068 lerio
297 2029 424 2067 Volesi
458 2028 536 2066 tilio
570 2026 794 2066 Publicolae
827 2026 981 2065 aedium
1019 2026 1178 2077 publice
1209 2029 1338 2066 locum
1373 2026 1444 2065 sub
1471 2026 1607 2078 Veliis,
1640 2026 1707 2065 ubi

172 2108 276 2133 nunc
311 2094 418 2132 aedis
446 2094 639 2132 Victoriae
667 2102 738 2142 est,
766 2091 952 2143 populum
981 2104 1025 2130 ex
1056 2091 1152 2143 lege,
1179 2104 1295 2143 quam
1322 2093 1406 2143 ipse
1436 2092 1588 2142 tulerat,
1617 2104 1706 2130 con-

174 2172 352 2198 cess1sse.

294 2298 331 2341 2,
357 2302 408 2331 15.
444 2297 523 2331 Vici.
535 2296 657 2330 adnot.
668 2296 716 2329 ml
734 2297 1084 2339 Val.,›1nt.s>·.1;.-
1101 2297 1183 2330 Μαι
1196 2306 1277 2330 ›wer
1293 2295 1400 2330 Foazt.
1414 2296 1513 2330 Ptin.
1525 2307 1559 2339 p.
1575 2299 1646 2330 169
1658 2307 1707 2340 sq.

295 2417 339 2472 2,
378 2423 440 2460 19.
474 2416 652 2470 saepius]
687 2419 853 2457 Sabinos
884 2420 1096 2467 Selzzrcsller
1126 2420 1161 2457 72.
1189 2420 1229 2456 le.
1258 2420 1313 2456 H
1334 2432 1376 2466 p.
1400 2421 1454 2457 89
1488 2420 1708 2458 Buecheler.

175 2485 221 2529 ‘'f-
243 2482 343 2518 l’lnt.
369 2481 471 2527 Popl.
493 2481 550 2517 20
572 2483 603 2515 et
624 2480 724 2517 Ptin.
746 2492 782 2516 n.
804 2481 838 2516 le.
861 2481 928 2523 36,
954 2481 1037 2517 112
1063 2479 1129 2528 qui
1157 2479 1215 2516 bis
1242 2480 1282 2516 in
1310 2478 1445 2516 eodem
1471 2479 1708 2529 magistratu

177 2541 343 2578 Sabinos
371 2540 583 2577 deuicerat.
666 2540 731 2576 20.
753 2538 794 2575 L.
817 2539 1004 2589 hyginius
1021 2538 1391 2586 ('a1›0j(st·.)S(ozom.)
1412 2538 1586 2588 higinius
1608 2538 1708 2585 (ap.)

180 2600 328 2647 [¹(oyss.)
350 2611 445 2636 corr.
467 2599 615 2645 Popma
709 2601 747 2635 et
779 2601 866 2635 (11110
893 2598 933 2635 P.
962 2599 1050 2635 add.
1076 2598 1267 2636 Garatoni
1368 2599 1432 2634 21.
1467 2597 1656 2634 aedilium
1681 2597 1711 2634 S

177 2659 284 2708 repul
304 2689 309 2694 .
334 2689 339 2694 .
364 2689 369 2694 .
392 2671 480 2695 cum
501 2660 530 2694 »δ’
561 2658 672 2706 repul
696 2687 912 2696 ........
935 2670 1018 2694 cum
1046 2659 1079 2694 Ρ
1105 2658 1266 2704 &Pleuit
1292 2657 1438 2694 Rinkes
1458 2658 1647 2695 Mnemos.
1671 2657 1710 2693 X

169 2734 210 2765 p.
233 2720 320 2755 „202
346 2718 427 2755 coll.
451 2717 528 2754 (sic.
550 2717 595 2754 de
619 2717 778 2763 harusp.
802 2729 897 2764 usp.
923 2718 959 2760 ὃ,
985 2721 1037 2753 16
1165 2717 1264 2753 uelis
1297 2716 1374 2753 cod.
1395 2715 1512 2764 Sany.
1636 2715 1707 2753 tibi

177 2789 307 2824 προ-φτ
337 2777 507 2823 Ellontep.
