1842 3133
600 107 836 141 TANVSIVS
864 107 1079 142 GEMINVS
1511 123 1602 151 LXV

508 254 681 299 TANV
691 253 743 299 SI
753 254 784 299 V
794 254 822 299 S
862 253 1149 299 GEMINVS

186 372 309 410 Huius
338 377 443 410 certa
471 374 659 410 memoria
688 374 917 422 fragmentis
945 374 1180 421 continetur,
1211 372 1354 423 quibus
1389 386 1477 411 enm
1511 380 1599 424 post

66 450 209 475 annum
244 435 411 481 55f699
447 438 517 486 (fr.
546 440 591 483 3)
626 442 663 475 et
696 443 785 475 ante
814 437 1018 475 Strabonis
1052 438 1327 488 geographiam
1362 450 1424 476 res
1458 438 1596 476 Roma-

64 514 133 540 nas
166 504 373 540 minimum
408 515 426 540 a
461 502 635 541 Sertorio
669 515 793 553 usque
827 502 874 541 ad
907 515 1016 540 suam
1048 508 1213 540 aetatem
1241 505 1449 553 scripsisse
1477 503 1595 541 tradi-

64 572 145 605 tum
180 574 249 618 est,
284 568 400 618 idque
435 574 564 606 mente
599 582 617 606 a
652 569 817 606 Caesare
855 567 1069 605 abalienata
1105 568 1174 616 (fr.
1205 570 1240 605 2.
1269 565 1370 621 3111
1418 568 1595 619 ponenda

63 634 184 681 igitur
223 633 317 671 haec
358 634 518 671 historia
559 639 618 671 est
657 635 695 671 in
730 645 866 671 eorum
900 632 1090 670 librorum
1124 645 1299 683 numcro,
1334 635 1399 684 qui
1435 633 1480 671 de
1516 633 1594 672 dic-

62 700 198 736 tatoris
231 700 461 736 auctoritate
495 699 579 736 51116
613 699 696 736 111111
730 694 793 751 (ut
825 698 909 736 uult
944 698 1149 735 (Iichorius
1177 698 1279 748 apud
1313 698 1546 737 Schanzium
1581 699 1593 737 l

60 776 95 813 p.
122 760 215 814 199,
243 765 453 801 Suetonius
482 764 599 813 enim,
627 765 690 801 cui
719 763 907 801 debemus
937 764 980 800 t'r.
1003 761 1042 813 2,
1075 762 1250 800 eiusdem
1291 765 1429 801 aetatis
1462 770 1593 802 aucto-

60 840 123 866 res
145 830 182 866 in
202 830 483 879 imperatorum
504 830 597 866 uitis
619 830 739 867 citare
762 828 869 879 solet,
886 841 921 867 u.
935 829 1081 877 Ηαιψῖ.
1095 840 1155 876 ομ
1170 824 1328 882 IJJJJ)
1346 830 1430 866 siue
1451 831 1592 867 mortui

60 893 317 932 detrahebant
349 893 532 944 idemque
567 893 669 944 quod
708 893 930 932 libellorum
964 894 1201 931 famosorum
1237 893 1446 931 multitudo
1480 906 1590 944 spec-

57 958 201 997 tabant.
253 961 314 997 cui
349 959 508 1009 quidem
541 961 681 997 rationi
715 960 837 997 uitam
871 958 1065 1009 quandam
1100 958 1258 996 uidetur
1292 958 1447 997 debere.
1500 972 1590 997 nam

58 1023 130 1061 sub
170 1024 475 1074 imperatoribus
514 1024 685 1062 libenter
728 1024 828 1062 ultra
875 1024 1031 1062 Liuium
1077 1025 1291 1074 scriptores
1337 1024 1589 1075 eruebantur,

57 1088 199 1139 quihus
245 1089 377 1127 odium
423 1095 557 1127 contra
603 1102 680 1140 eos,
723 1102 741 1127 a
785 1089 927 1140 quibus
973 1091 1048 1139 ipsi
1094 1088 1263 1139 maligne
1310 1091 1469 1127 tractari
1515 1089 1589 1127 sibi

55 1154 299 1205 uiderentur,
334 1155 569 1205 expleretur.
628 1157 758 1205 itaque
793 1157 876 1193 eius
910 1156 1047 1192 notitia
1082 1154 1129 1192 ad
1163 1154 1395 1192 Strabonem
1431 1155 1501 1204 (fr.
1530 1156 1588 1205 I),

55 1219 253 1257 Plutarchi
298 1221 542 1271 Appianique
595 1233 844 1258 communem
896 1225 1095 1258 auctorem
1143 1220 1218 1268 (fr.
1252 1220 1310 1269 3),
1358 1219 1588 1258 Suetonium

56 1285 125 1334 (fr.
148 1285 205 1335 2),
239 1287 305 1336 qui
333 1285 498 1335 singulis
527 1285 621 1324 locis
649 1298 738 1324 eum
767 1287 1001 1335 citauerunt,
1033 1292 1147 1336 atque
1176 1286 1293 1323 etiam
1322 1285 1368 1323 ad
1398 1285 1588 1323 Senecam

53 1349 327 1400 philosolssnnn
354 1352 547 1401 peruenit,
582 1364 670 1389 cum
703 1351 750 1389 ad
777 1350 971 1389 Lucilium
1006 1350 1144 1388 scribit
1171 1351 1278 1397 (XV
1306 1351 1329 1387 1
1357 1348 1469 1402 [93],
1492 1351 1588 1398 11).-

54 1422 91 1453 el
114 1428 346 1464 paucorum
380 1429 566 1454 uersuum
599 1419 701 1455 liber
732 1422 789 1455 est
824 1416 1110 1465 [Metronactis]
1146 1421 1183 1454 et
1215 1417 1374 1464 quidem
1414 1418 1585 1454 laadan-

54 1482 128 1518 dus
167 1488 286 1528 alque
327 1484 444 1519 utilis.
497 1483 664 1520 (latiales
702 1482 868 1519 Tanusii
904 1484 984 1519 scis
1022 1493 1141 1529 quam
1170 1482 1398 1529 ponderosi
1433 1484 1514 1519 silet
1549 1488 1586 1520 et

52 1547 151 1593 qnid
183 1552 388 1584 amentur.
438 1548 514 1585 1106
547 1553 604 1585 est
639 1550 722 1585 ulla
756 1548 1010 1595 quorundam
1049 1549 1171 1594 longa
1205 1552 1241 1584 ec
1275 1548 1384 1594 quod
1419 1547 1585 1585 Tanusii

49 1614 233 1658 sequitur
266 1614 442 1650 annales.
494 1611 596 1649 unde
631 1624 697 1649 eos
730 1619 891 1662 propter
924 1610 1202 1649 abundantiam
1235 1611 1449 1649 uerborum
1484 1612 1582 1650 111316

51 1675 206 1713 audisse
235 1678 521 1725 cognoscimus.
567 1678 728 1727 opponit
756 1678 861 1714 6111111
889 1676 1141 1714 Metronactis
1168 1676 1391 1727 philosophi
1418 1676 1581 1715 breuem

51 1740 292 1792 eandemque
326 1742 567 1780 fructuosam
600 1743 721 1780 uitam
755 1742 920 1779 alioruin
954 1741 1090 1792 longae
1119 1747 1157 1779 et
1184 1741 1448 1792 reprehensae
1477 1755 1580 1780 com-

48 1812 237 1857 paratque
288 1807 387 1844 hanc
439 1820 527 1845 cum
578 1807 689 1845 libris
739 1807 877 1858 amplis
929 1807 1222 1857 multorumque
1268 1808 1580 1857 uituperationes

50 1873 234 1921 expertis.

166 1937 283 1987 Atqui
323 1937 494 1975 Catullus
534 1936 648 1976 631ζί
696 1938 826 1976 Volusi
872 1937 1074 1976 cuiusdam
1121 1937 1279 1975 annales
1325 1937 1579 1976 acerbissime

48 2001 198 2040 irridet.
250 2002 389 2041 Lesbia
423 2004 540 2054 enim,
574 2005 606 2041 si
639 2010 752 2054 poeta
786 2016 919 2041 secum
954 2002 1231 2041 reconciliatus
1265 2008 1380 2052 esset,
1408 2000 1577 2041 ‘electis-

48 2069 145 2105 sima
184 2069 346 2118 pessimi
383 2075 520 2119 poetae
561 2065 728 2120 scripta'
760 2070 842 2119 igni
884 2082 924 2107 se
960 2068 1137 2107 daturam
1171 2080 1257 2106 6556
1290 2074 1467 2118 uouerat,
1501 2081 1576 2119 quo

47 2131 205 2182 quidem
250 2139 340 2171 uoto
386 2135 511 2184 ipsius
554 2133 694 2172 Catulli
739 2146 810 2184 per
854 2135 984 2172 iocum
1029 2135 1331 2183 signiticauerat.
1402 2132 1576 2171 Catullus

46 2203 175 2235 autem
198 2220 251 2224 —
274 2210 318 2236 eo
352 2200 457 2236 enim
491 2200 652 2237 facetiae
686 2199 782 2237 mihi
809 2199 939 2237 redire
967 2199 1154 2237 uidentur
1176 2221 1229 2224 ——
1253 2200 1304 2236 ita
1333 2211 1414 2236 rem
1443 2200 1574 2249 uertit,

45 2267 88 2299 ut
119 2275 190 2313 pro
224 2265 305 2301 suis
338 2263 497 2301 annales
524 2263 667 2314 Volusi,
697 2262 884 2302 ‘cacatam
919 2264 1104 2313 chartam,
1140 2263 1274 2314 plenos
1309 2265 1413 2301 ruris
1446 2269 1481 2301 et
1517 2266 1573 2301 111-

45 2325 286 2365 ficetiarum’
305 2328 475 2367 Vulcano
502 2329 638 2380 tradat,
661 2342 776 2380 quem
804 2334 961 2380 poetam
988 2334 1289 2367 conterraneum
1319 2330 1434 2366 etiam
1464 2342 1495 2367 c.
1518 2328 1573 2367 915

44 2393 278 2442 insequitur,
311 2392 379 2431 ubi
412 2406 489 2432 non
520 2394 623 2432 ultra
654 2393 827 2432 Paduam
855 2390 898 2447 (i.
921 2406 952 2432 e.
975 2395 1120 2432 ostium
1148 2390 1261 2447 Padi)
1296 2395 1380 2431 eius
1414 2394 1572 2432 annales

44 2462 301 2507 propagatum
340 2460 389 2496 iri
429 2461 720 2510 amicturosque
765 2459 965 2498 scombros
1007 2460 1247 2497 uaticinatur
1278 2459 1571 2497 Antimachum-

45 2534 119 2571 que
159 2522 353 2560 tumidum
392 2530 552 2574 propter
584 2523 866 2562 uerhositatem
900 2536 989 2562 eum
1023 2523 1202 2574 appellat.
1260 2524 1351 2561 hinc
1383 2524 1570 2575 Muretus,

43 2586 235 2637 Hauptius
275 2589 321 2634 (l.
348 2591 410 2638 3.),
450 2588 491 2626 R.
527 2588 654 2638 Vnger
687 2586 792 2635 (‘De
830 2590 923 2627 Tan.
957 2590 997 2627 G.
1026 2591 1235 2627 (menalium
1273 2587 1489 2638 scre'plore'
1530 2593 1568 2628 ln

164 2718 196 2752 1)
223 2713 277 2747 Fr.
301 2717 332 2755 4,
361 2713 391 2746 51
418 2715 473 2747 est
500 2713 654 2747 Tanusii
681 2716 767 2758 (non
795 2713 915 2759 Cingii
942 2714 1001 2748 uel
1029 2713 1172 2758 Cincii),
1201 2714 1349 2748 uidetur
1380 2715 1417 2748 in
1451 2717 1569 2749 trans-

66 2777 153 2799 ursu
179 2766 430 2799 nundinarum
456 2766 680 2801 mentionem
706 2766 887 2802 iniecisse.

114 2837 192 2862 Hist.
212 2838 296 2863 Rom,
317 2838 368 2863 rel.
382 2839 423 2871 II,
443 2840 488 2863 ed.
508 2839 626 2865 Peter,
1251 2827 1281 2860 V
