1842 3133
203 136 285 177 126
794 134 933 168 MARII
958 134 994 168 M
999 134 1137 168 AXIMI

216 246 470 297 gladiatorem
504 247 543 284 in
582 245 797 296 spoliario]
849 245 987 284 exaudi
1022 245 1180 285 Caesar:
1215 247 1386 284 carnifex
1413 258 1515 284 unco
1542 245 1730 284 trahatur.

197 312 368 350 carnifex
399 317 558 350 senatus
586 323 695 349 more
723 312 915 350 maiorum
942 324 1043 350 unco
1073 311 1259 350 trahatur.
1316 313 1473 349 saeuior
1498 311 1730 361 Domitiano,

197 379 389 428 impurior
422 376 588 415 Nerone.
641 378 695 415 sic
736 377 845 427 fecit,
886 378 941 415 sic
981 378 1162 427 patiatur.
1215 378 1427 415 memoriae
1461 377 1729 415 innocentium

196 448 425 492 seruentur,
475 442 644 480 honores
690 443 960 481 innocentium
1007 444 1209 493 restituas,
1255 454 1448 493 rogamus.
1511 441 1731 493 parricidae

196 508 365 547 cadauer
403 520 504 546 unco
544 508 739 558 trahatur,
773 507 999 558 gladiatoris
1033 507 1201 546 cadauer
1233 520 1334 546 unco
1368 508 1555 558 trahatur,
1587 506 1730 557 gladia·
1770 523 1784 547 5

198 575 293 612 toris
327 573 495 612 cadauer
529 575 568 612 in
603 573 788 624 spoliario
823 578 1000 624 ponatur.
1051 585 1228 624 perroga,
1262 585 1438 624 perroga,
1472 585 1608 611 omnes
1642 584 1730 610 cen-

197 651 329 678 semus
368 651 469 677 unco
508 638 756 677 trahendum.
809 640 874 690 qui
915 651 1050 677 omnes
1089 638 1250 690 occidit,
1289 651 1390 677 unco
1424 638 1612 677 trahatur.
1666 639 1732 688 qui

197 717 353 742 omnem
387 709 554 743 aetatem
588 704 743 755 occidit,
778 717 878 743 unco
913 704 1100 743 trahatur.
1153 706 1219 755 qui
1252 709 1464 755 utrumque
1498 716 1633 742 sexum
1667 715 1730 741 oc-

196 770 302 820 cidit,
336 782 437 809 unco
470 770 659 809 trahatur.
712 771 778 821 qui
812 771 994 821 sanguini
1027 783 1097 808 suo
1131 783 1208 808 non
1242 771 1436 821 pepercit,
1469 782 1571 807 unco
1606 768 1731 807 traha-

196 843 270 874 tur.
323 837 390 887 qui
423 835 567 887 templa
602 835 802 887 spoliauit,
835 848 936 874 unco
970 836 1158 874 trahatur.
1205 837 1272 887 qui
1305 840 1537 874 testamenta
1574 834 1731 885 deleuit,
1752 849 1785 873 10

195 914 296 940 unco
332 901 519 941 trahatur.
572 903 638 952 qui
670 903 785 940 uiuos
825 901 1027 952 spoliauit,
1060 914 1162 939 unco
1197 901 1386 940 trahatur.
1439 901 1567 939 seruis
1606 901 1731 938 serui·

196 969 309 1006 imus.
362 968 429 1018 qui
468 968 594 1018 pretia
634 968 739 1006 uitae
779 968 924 1017 exegit,
964 979 1065 1005 unco
1105 966 1292 1005 trahatur.
1351 967 1418 1017 qui
1459 967 1585 1017 pretia
1626 966 1731 1004 uitae

197 1034 325 1083 exegit
359 1037 397 1071 et.
429 1032 547 1071 fidem
579 1044 657 1070 non
691 1034 878 1083 seruauit,
911 1045 1012 1071 unco
1047 1032 1234 1071 trahatur.
1281 1033 1348 1083 qui
1382 1036 1561 1070 senatum
1594 1030 1731 1070 uendi-

198 1098 270 1148 dit,
302 1110 405 1136 unco
444 1098 632 1137 trahatur.
679 1099 746 1149 qui
785 1097 876 1136 filiis
910 1097 1071 1136 abstulit
1102 1097 1374 1148 hereditatem,
1406 1109 1509 1136 unco
1542 1096 1731 1135 trahatur.

196 1162 348 1202 indices
387 1163 433 1202 de
467 1169 616 1212 senatu,
651 1163 845 1202 delatores
879 1163 925 1201 de
959 1168 1110 1214 senatu,
1137 1175 1345 1202 seruorum
1372 1162 1651 1201 subornatores
1686 1161 1731 1200 de
1754 1176 1784 1200 15

197 1234 345 1267 senatu.
389 1235 427 1268 et
448 1234 488 1268 tu
509 1228 715 1268 nobiscum
737 1230 917 1279 timuisti,
938 1230 1067 1267 omnia
1089 1231 1179 1280 scis,
1208 1234 1246 1267 et
1272 1228 1394 1267 bonos
1416 1233 1454 1266 et
1475 1227 1596 1266 malos
1617 1229 1730 1266 nosti.

196 1295 326 1332 onmia
353 1296 442 1345 scis,
471 1296 601 1333 omnia
636 1294 812 1345 emenda,
845 1307 916 1345 pro
950 1300 986 1333 te
1020 1296 1234 1333 timuimus.
1274 1307 1295 1332 o
1323 1307 1392 1332 nos
1420 1293 1555 1332 felices
1584 1299 1621 1332 te
1645 1294 1731 1332 uiso

197 1362 427 1411 imperante.
470 1360 515 1398 de
542 1360 739 1411 parricida
767 1360 882 1410 refer,
904 1360 1020 1411 refer,
1032 1372 1230 1410 perroya,
1251 1372 1429 1411 perroga.
1468 1360 1730 1410 praesentiam

199 1430 301 1463 tuam
343 1437 537 1476 rogamus.
590 1426 824 1464 Innocentes
864 1425 1007 1477 sepulti
1041 1438 1118 1464 non
1158 1431 1265 1464 sunt:
1305 1424 1524 1476 parricidae
1564 1424 1732 1463 cadauer

198 1490 385 1529 trahatur.
437 1491 635 1542 parricida
669 1491 844 1542 sepultos
878 1493 997 1530 eruit:
1030 1490 1249 1542 parricidae
1285 1489 1453 1529 cadauer
1484 1487 1688 1528 trahatur’.
1753 1504 1785 1528 ρο

316 1556 363 1594 Et
402 1569 490 1595 cum
530 1558 640 1595 iussu
674 1556 892 1595 Pertinacis
933 1556 1068 1595 Liuius
1101 1556 1304 1607 Larensis,
1342 1560 1574 1607 procurator
1612 1556 1730 1606 patri-

196 1623 329 1672 monii,
365 1621 481 1660 Fabio
516 1621 669 1660 Chiloni
703 1622 856 1660 consuli
891 1621 1094 1673 designato
1122 1621 1306 1672 dedisset,
1339 1633 1410 1672 per
1435 1626 1590 1659 noctem
1619 1620 1730 1659 Com-

197 1687 301 1725 modi
347 1687 516 1726 cadauer
561 1687 756 1738 sepultum
804 1692 874 1726 est.
933 1693 1092 1726 senatus
1137 1686 1387 1725 adclamauit:
1430 1683 1528 1731 ‘Quo
1571 1691 1730 1724 auctore

197 1751 469 1804 sepelierunt?
515 1752 709 1804 parricida
744 1752 922 1804 sepultus
957 1758 1128 1803 eruatur,
1162 1749 1366 1791 trahatur’.
1419 1751 1578 1790 Cincius
1612 1751 1730 1790 Seue-

198 1830 264 1856 rus
300 1817 413 1856 dixit:
449 1816 612 1857 ‘Iniuste
647 1818 824 1870 sepultus
858 1824 928 1857 est.
975 1831 1050 1870 qua
1084 1818 1256 1869 pontifex
1293 1817 1390 1868 dico,
1423 1817 1496 1855 hoc
1523 1816 1730 1868 collegium
1752 1831 1783 1856 2²5

197 1884 427 1934 pontificum
469 1883 573 1922 dicit.
625 1885 809 1935 quoniam
849 1883 948 1922 laeta
994 1885 1070 1922 iam
1108 1884 1338 1935 percensui,
1376 1895 1481 1921 nunc
1522 1887 1732 1921 conuertar

197 1948 244 1987 ad
277 1951 511 1987 necessaria.
564 1962 718 2000 censeo,
752 1962 848 2000 quas
882 1951 915 1987 is
948 1950 1015 2000 qui
1049 1961 1126 1987 non
1159 1950 1236 1987 nisi
1264 1948 1311 1987 ad
1337 1949 1554 1999 perniciem
1582 1948 1729 1986 ciuium

198 2020 235 2053 et
268 2014 317 2052 ad
350 2013 520 2053 dedecus
548 2028 663 2054 suum
690 2016 801 2065 uixit,
834 2014 882 2053 ob
916 2015 1105 2053 honorem
1139 2027 1253 2053 suum
1282 2013 1441 2052 decerni
1468 2014 1607 2063 coegit,
1640 2012 1729 2051 abo-

199 2078 333 2117 lendas
372 2084 531 2130 statuaS,
571 2092 669 2131 quae
708 2079 882 2131 undique
923 2085 1015 2119 sunt
1047 2079 1276 2129 abolendae,
1316 2091 1537 2129 nomenque
1571 2091 1615 2116 ex
1649 2089 1729 2116 om-

199 2144 313 2183 nihus
364 2146 530 2195 priuatis
581 2145 830 2196 publicisque
881 2147 1147 2184 monumentis
1198 2145 1438 2183 eradendum
1495 2156 1728 2195 mensesque
1750 2158 1783 2182 30

198 2210 258 2247 his
297 2209 522 2248 nominibus
562 2210 845 2261 nuncupandos
886 2210 1028 2261 quibus
1062 2210 1403 2262 nuncupabantur,
1437 2222 1525 2248 cum
1558 2211 1727 2261 primum

198 2274 293 2313 illud
326 2274 470 2313 malum
504 2276 542 2313 iu
578 2288 618 2314 re
652 2275 808 2326 publica
841 2275 1021 2315 incubuit
1034 2273 1052 2315 '.

321 2387 354 2420 1.
387 2383 649 2432 gladiatorem
682 2385 722 2421 in
755 2385 826 2433 spl.
853 2386 963 2422 {meis
988 2384 1129 2422 'inclusi
1260 2386 1323 2421 17.
1356 2387 1394 2421 te
1426 2383 1512 2420 uiro
1540 2384 1576 2421 P
1604 2384 1658 2420 sic
1692 2385 1729 2420 tv

199 2454 292 2479 uero
321 2446 370 2490 fr.
396 2442 538 2480 (lusan.
572 2446 609 2480 te
647 2443 740 2481 uiuo
774 2443 939 2482 Cascam.
979 2446 1018 2481 te
1057 2445 1171 2489 uiuo,
1211 2446 1248 2480 te
1287 2445 1506 2491 imperante
1541 2443 1726 2490 Eyssenh.

198 2504 236 2538 te
269 2503 354 2539 uiso
388 2502 612 2550 Hirschfild
720 2504 783 2540 18.
811 2516 979 2554 peri-oga
1007 2505 1152 2541 inserui
1258 2505 1323 2540 21.
1357 2503 1539 2540 Larensis
1573 2503 1726 2540 Dessaa

198 2561 356 2608 Prosop.
377 2562 429 2598 ΙΙ
452 2574 493 2609 p.
521 2564 608 2599 :290
640 2563 831 2600 laurensis
856 2564 894 2600 P
1001 2564 1065 2600 24.
1100 2565 1280 2601 seruatur
1305 2563 1342 2599 P
1448 2561 1611 2612 Cingius
1636 2562 1674 2598 P

202 2621 266 2657 25.
309 2617 406 2672 qua]
427 2634 479 2658 an
512 2620 644 2669 quod?
799 2623 864 2660 26.
898 2623 1044 2660 laetam
1070 2623 1107 2659 P
1140 2623 1246 2659 laeta
1278 2623 1357 2658 iam
1384 2622 1584 2659 Baehrens
1624 2621 1727 2658 leuia

201 2679 338 2716 Noc-(il.-
371 2680 482 2728 Listy
511 2682 622 2718 1884
644 2684 795 2728 p.19o'
919 2683 984 2719 27.
1019 2694 1116 2730 quas
1148 2677 1200 2732 is]
1226 2681 1346 2719 Salm.
1381 2692 1480 2729 quae
1513 2682 1546 2718 is
1578 2680 1615 2717 P

202 2740 267 2775 32.
312 2739 443 2785 Ipsum
483 2740 583 2786 quod
620 2741 727 2787 apud
758 2742 939 2779 illm-ium
965 2742 1189 2779 Mammam
1227 2743 1384 2778 senatus
1422 2740 1637 2778 consultum
1670 2741 1728 2776 in—

203 2801 369 2835 emeerat.
404 2799 526 2835 taedio
560 2800 797 2837 describendi
829 2803 1026 2846 correptus
1058 2802 1185 2838 omisit
1217 2799 1475 2847 Lampridius
