1842 3133
175 164 283 192 val
502 147 564 180 DE
593 144 898 179 st*R11‘'1‘()1{VM
928 144 1050 177 VITIS
1077 143 1137 177 ET
1166 142 1374 177 sCfflPTIS

167 274 311 310 prom:
339 272 472 307 (symm.
502 258 735 296 Friedlancl.
760 252 950 308 1355)¹),
979 255 1017 292 L.
1042 253 1227 293 Schwabe
1251 255 1332 303 (ap.
1354 254 1600 292 Fleckeisen.
1624 252 1708 290 129

167 340 210 376 Jt.
233 328 337 368 380)
374 324 563 374 multique
604 322 685 371 alii,
727 322 868 372 partim
904 320 1146 370 dubitanter,
1186 320 1327 370 partim
1368 318 1554 356 fidentius
1587 330 1606 355 a
1639 318 1708 355 Ca-

178 391 271 429 tullo
300 390 513 427 'l'anusinm
544 387 689 425 Volusii
717 388 887 436 nomine,
921 385 1025 437 quod
1053 385 1189 424 eodem
1217 383 1399 423 uocabuli
1427 385 1545 432 exitu,
1573 382 1708 421 eadem

177 468 360 494 mensura
395 460 585 503 uteretur,
620 452 766 490 dictum
801 464 887 489 esse
921 451 1212 501 concluserunt,
1246 455 1415 500 suntque
1444 448 1578 499 multa,
1611 460 1710 499 quae

176 522 267 559 lmic
309 522 556 557 coniecturae
597 519 764 567 faueant,
798 518 977 567 maxime,
1012 515 1115 567 qnod
1149 516 1321 554 Senecae
1355 514 1544 553 indicium
1578 515 1710 552 nanci-

178 588 302 624 scitur
347 598 422 636 qno
468 584 699 635 explicetur.
758 594 896 620 uerum
943 587 1072 620 tamen
1118 582 1281 619 historia
1320 580 1481 618 Tanusii
1530 591 1710 617 sermone

178 651 352 702 pedestri
387 652 543 700 scripta,
577 661 653 699 quo
688 661 771 686 rem
805 661 836 686 a.
864 646 1044 699 5511699,
1078 659 1203 698 usque
1234 646 1281 684 ad
1309 658 1425 697 quem
1453 645 1593 683 Catulli
1621 657 1711 683 con-

179 716 344 754 suetudo
385 728 473 753 cnm
514 714 654 753 Lesbia
693 726 769 752 non
811 713 984 762 durauit,
1024 714 1165 751 factam
1205 713 1391 762 narrauit,
1428 711 1473 749 ab
1508 709 1713 748 annalibus

180 780 360 832 ‘pessimi
400 778 550 831 poetae'
588 778 861 829 distinguenda
902 791 974 817 nec
1015 777 1183 817 eundem
1217 777 1510 816 adulescentem
1544 788 1607 814 res
1639 775 1713 813 lto-

180 860 314 886 manas
348 846 548 895 uersibus,
583 850 707 883 aetate
735 850 967 895 prouectum
998 845 1174 882 oratione
1201 847 1453 894 persecutum
1487 854 1574 880 esse
1608 842 1713 879 ueri-

180 912 308 950 simile
331 917 400 950 est.
434 916 540 949 recte
568 912 689 961 igitur
715 910 754 948 l'.
777 909 817 947 E.
840 905 1144 962 Sonnenlmrg2)
1167 907 1498 959 adstipulantibus
1520 908 1559 945 A.
1582 906 1713 944 Riesio

181 984 215 1016 et
240 980 345 1016 Aem.
368 977 607 1015 Baehrensio
629 975 770 1013 Catulli
798 974 1081 1025 interpretibus
1109 975 1268 1012 omnino
1295 986 1373 1011 non
1401 972 1585 1011 habuisse
1613 984 1714 1022 eum,

182 1056 253 1081 cur
285 1043 446 1080 Tanusii
485 1054 628 1079 nomen
668 1041 916 1090 obscuraret,
956 1041 1106 1078 monuit
1148 1044 1358 1089 ceteraque
1396 1038 1715 1077 aduersariorum

182 1114 412 1159 argumenta
453 1107 670 1145 infirmiora
710 1118 796 1144 esse
836 1118 952 1156 quam
991 1107 1075 1143 uisa
1110 1109 1253 1143 essent.
1306 1116 1404 1155 qnae
1444 1116 1532 1142 cum
1567 1116 1630 1141 res
1663 1104 1715 1141 ita

183 1176 273 1223 sint,
308 1186 353 1211 ex
389 1174 547 1211 testium
581 1172 743 1210 Tanusii
776 1172 963 1209 historiae
996 1182 1162 1209 numero
1196 1169 1370 1208 Catullus
1411 1168 1613 1208 eiciendus
1647 1174 1716 1218 est,

184 1240 374 1277 Senecam
415 1243 544 1276 autem
584 1243 649 1276 3111,
688 1236 792 1275 aliud
830 1236 876 1274 de
909 1236 1080 1274 Tanusio
1116 1235 1263 1274 dictum
1295 1236 1336 1273 in
1369 1240 1500 1273 mente
1534 1234 1716 1272 habuisse

184 1304 443 1353 censendum,
484 1303 522 1341 id
562 1302 665 1354 quod
704 1302 948 1353 probabilius
989 1307 1064 1351 est„
1098 1306 1164 1339 aut.
1195 1300 1302 1339 illius
1336 1305 1508 1339 caoatam
1543 1300 1716 1338 chartam

185 1384 228 1407 ex
265 1370 493 1408 confusione
528 1381 547 1406 a
574 1368 731 1406 Volusio
766 1367 812 1406 ad
846 1380 935 1406 eum
968 1367 1229 1405 transtulisse.

259 1620 319 1666 M.
359 1617 578 1664 IVNIVS
617 1616 868 1664 BRVTVS
908 1615 1179 1671 EIVSQVE
1221 1614 1640 1661 LAVDATORES

307 1738 349 1775 Vt
379 1750 481 1775 nunc
511 1736 557 1775 ad
585 1749 651 1775 eos
678 1749 851 1788 pergam,
885 1737 949 1786 qui
979 1735 1159 1773 Caesaris
1187 1747 1344 1773 causam
1374 1736 1719 1785 impugnauerunt,

189 1806 339 1855 primus
361 1803 469 1841 locus
485 1802 604 1841 Bruto
621 1798 813 1853 (praetori
833 1803 873 1839 in
889 1801 1009 1839 Gallia
1032 1798 1358 1852 eisalp.46s708,
1380 1799 1530 1839 urbano
1551 1796 1720 1851 43‘712,

190 1875 301 1907 mort.
317 1864 507 1921 4212‘712)
531 1867 681 1906 dandus
709 1872 779 1918 est,
807 1879 1043 1918 quamquam
1072 1866 1292 1905 litterarum
1320 1866 1397 1904 telo
1424 1878 1500 1904 non
1529 1871 1588 1903 est
1613 1877 1720 1903 usus.

190 1936 385 1972 continuit
411 1935 514 1971 enim
546 1946 587 1971 se
614 1933 825 1971 historicae
852 1933 1078 1983 scriptionis
1106 1944 1229 1981 genus
1266 1933 1366 1969 intra
1403 1933 1592 1982 epitomas
1625 1943 1721 1981 quas

191 2001 294 2049 l'ecit,
322 1999 483 2049 polybii,
511 1998 633 2036 Coelii
654 1999 861 2049 Antipatri,
888 1997 1038 2047 Fannii,
1067 1996 1324 2048 amplitudine
1345 1996 1558 2035 uerborum
1581 1996 1627 2034 ad
1656 2008 1721 2034 eos

192 2064 353 2115 delatus,
387 2077 487 2114 cum,
522 2076 619 2114 quae
648 2069 731 2101 erat
758 2064 842 2101 eius
870 2062 1020 2101 indoles
1048 2062 1254 2101 breuitatis
1282 2062 1467 2111 studiosa,
1501 2063 1625 2112 magis
1659 2074 1722 2100 res

191 2142 305 2181 quam
327 2129 447 2167 uerba
470 2134 676 2179 spectaret,
698 2129 743 2166 ad
764 2129 936 2166 Coelium
957 2129 1123 2166 sortasse
1142 2129 1259 2165 etiam
1278 2128 1375 2165 iuris
1394 2129 1581 2165 scientiae
1600 2128 1722 2165 socie-

193 2202 268 2233 tate
291 2196 394 2236 (Cic.
422 2196 529 2233 Brut.
552 2196 619 2242 26,
644 2195 758 2241 102).
798 2195 837 2231 in
865 2194 937 2232 hac
964 2199 1093 2232 autem
1122 2205 1162 2231 re
1190 2198 1292 2231 tanta
1322 2192 1514 2231 industria
1542 2199 1723 2231 uersatus

192 2267 263 2311 est,
295 2266 336 2298 ut
372 2273 418 2298 ne
454 2261 492 2298 in
526 2259 664 2297 militia
698 2259 856 2310 quidem
897 2271 980 2297 63111
1014 2260 1291 2297 intermitteret
1328 2264 1443 2309 atque
1477 2262 1565 2296 ante
1598 2259 1722 2309 ipsam

193 2338 363 2376 pugnam
398 2325 649 2375 Pharsaliam,
688 2338 777 2363 cum
818 2324 881 2362 alii
922 2330 1082 2375 propter
1121 2323 1290 2362 calorem
1329 2335 1493 2374 corpora
1527 2328 1723 2373 curarent,

194 2404 317 2441 nsque
352 2390 397 2428 ad
430 2403 642 2441 uesperum
676 2390 824 2441 polybii
864 2391 1056 2441 epitomae
1098 2388 1388 2440 componendae
1421 2401 1579 2439 operam
1615 2388 1725 2426 daret

196 2458 317 2501 (s'lnl.
351 2457 459 2494 llrm.
488 2457 545 2503 4).
599 2455 784 2494 Notitiam
825 2456 960 2493 harum
1002 2456 1261 2505 epitomarum
1302 2453 1489 2492 debemus
1523 2453 1722 2491 Coeliano-

197 2534 282 2558 rum
306 2544 358 2547 —
382 2521 477 2558 hace
510 2523 614 2559 enim
642 2533 735 2559 uera
764 2522 969 2571 inscriptio
998 2521 1070 2558 suit
1098 2542 1144 2546 ——
1169 2520 1362 2569 Ciceroni,
1395 2521 1463 2570 (1111
1496 2532 1526 2556 a.
1554 2516 1723 2570 45„s'709

319 2648 349 2688 1)
380 2646 477 2679 llaec
501 2646 650 2689 copiosa
672 2647 879 2690 disputatio
904 2645 1064 2680 maxime
1092 2646 1139 2680 ad
1166 2645 1353 2679 Catullum
1381 2644 1603 2679 coniecturis
1630 2646 1723 2678 tem-

197 2700 378 2742 ptandum
408 2703 443 2731 et
469 2699 729 2743 explicandum
756 2700 929 2744 pertinet.

318 2758 336 2785 ‘2
379 2754 456 2786 ])rr
483 2754 689 2787 Iliam-ilar
714 2754 750 2787 T.
776 2754 818 2788 G.
839 2754 918 2787 und
943 2753 1000 2787 (lie
1026 2754 1179 2787 annales
1200 2754 1340 2787 Volusii
1364 2752 1401 2786 in
1430 2753 1570 2787 His-tor.
1600 2752 1723 2786 Umer-

197 2806 402 2850 suchcorycn
432 2807 522 2839 Ar».
546 2806 693 2849 Scla‘ifer
717 2807 903 2851 ymciclmet
927 2819 960 2850 p.
986 2804 1182 2840 158—165.
