1842 3133
297 95 431 131 AVCT.
454 96 483 129 A
512 95 646 130 TREB.
669 95 907 130 POLLIONE
937 95 994 128 ET
1023 95 1089 129 FL.
1112 94 1312 129 VOPISCO
1340 94 1457 129 NOM.
1565 97 1633 124 (³01

108 214 311 259 postquam
346 221 377 244 c.
408 205 461 245 10
494 212 528 244 et
569 204 631 255 11,
663 204 774 244 1—ss
815 206 860 244 de
901 207 1149 257 imperatoris
1188 206 1310 244 Taciti
1358 207 1437 244 uita
1484 207 1635 257 priuata

107 273 226 312 multa
261 274 472 323 enarrauit,
505 274 561 310 sic
594 271 810 311 concludit:
847 273 976 311 Allulla
1003 273 1122 310 huius
1145 272 1352 321 seruntur,
1377 273 1451 311 sed
1474 274 1635 320 lonqum

107 345 165 377 est
197 351 244 377 ea
278 341 316 376 iu
352 341 510 377 litteras
541 341 710 383 mittere,
744 339 852 385 quod
881 340 916 376 si
949 340 1038 386 quis
1064 340 1198 376 omnia
1226 339 1275 376 de
1300 339 1376 376 hoc
1404 339 1493 376 uiro
1527 340 1636 387 cupit

105 407 230 454 seire,
280 406 388 451 leqat
433 404 667 442 Suetonium.
719 404 994 452 (nuncianum,
1046 406 1115 451 qui
1164 406 1251 441 eius
1295 405 1419 441 uitam
1465 402 1635 452 adfatim

106 472 279 519 scripsit.

224 534 278 572 De
311 533 358 571 Μ.
387 533 663 572 Saluidieno
696 533 775 572 uid.
805 535 848 572 t'r.
877 547 912 584 p.
944 530 1038 573 153.

227 598 399 638 Fabius
445 598 763 650 Ceryllianus,
805 599 851 637 de
897 612 972 650 quo
1017 598 1108 637 uide
1155 600 1199 636 t'r.
1234 612 1268 649 p.
1306 596 1400 649 153,
1439 599 1635 637 fictionem

107 667 196 704 Cari
228 664 472 704 laudatorum
507 666 695 703 minuisse
730 664 899 715 uidetur,
933 677 1020 702 cum
1049 663 1193 702 Romae
1229 677 1318 702 eum
1345 665 1521 714 genitum
1549 676 1635 702 esse

107 735 278 782 negaret.

225 796 280 834 Ex
328 796 493 835 Fuluio
532 796 765 847 Aspriano
806 795 1012 847 Vopiscus,
1057 808 1156 846 quae
1200 794 1246 833 de
1285 794 1417 834 Carini
1449 796 1635 834 uitiorum

109 861 291 900 foeditate
325 861 463 900 effudit
488 874 520 900 c.
544 858 847 912 16.17,1—6,
879 862 1095 912 sumpsisse
1128 860 1304 912 uidetur3
1344 861 1401 898 sic
1434 861 1538 899 enim
1572 860 1635 899 ab·

108 928 213 979 rupit.
245 927 269 976 ἓ
304 925 346 965 7:
380 927 560 976 Lonqum
593 932 661 975 est,
693 930 729 966 εἰ
761 929 809 966 de
842 930 927 966 eius
961 926 1129 977 [Carini]
1163 929 1333 965 luxuria
1358 928 1486 976 plura
1518 928 1637 966 uelim

108 995 256 1032 dicere.
307 996 548 1042 quicumque
585 995 761 1032 ostiatim
795 996 905 1043 cupit
940 1004 1124 1041 noscere,
1156 994 1266 1041 ἱεραί
1297 994 1417 1030 etiam
1450 992 1636 1030 Fuluium

108 1059 354 1108 Asprianum
393 1070 519 1107 usque
556 1060 612 1097 ad
642 1060 820 1097 taedium
850 1063 1054 1107 qeslorum
1084 1060 1169 1097 eius
1201 1060 1397 1096 uniuersa
1430 1058 1637 1096 dicentem.

227 1123 452 1162 Claudius
491 1123 801 1174 Eusthenius,
847 1125 912 1174 qui
953 1122 1193 1162 Diocletiano
1239 1122 1285 1160 ab
1331 1122 1509 1173 epistulis
1554 1122 1638 1172 fuit,

108 1188 273 1240 singulis
323 1188 435 1228 libris
485 1189 733 1240 Diocletiani,
778 1188 1020 1239 Maximiani,
1067 1188 1228 1239 Galerii,
1274 1188 1492 1226 Constantii
1535 1189 1638 1226 uitas

109 1256 283 1306 scripsit,
324 1254 370 1294 de
409 1268 485 1306 (1110
524 1254 614 1294 uide
646 1255 855 1306 Vopiscum
889 1254 974 1293 Car.
1004 1252 1071 1305 18,
1097 1252 1125 1293 4
1166 1255 1366 1301 Quattuor
1395 1266 1496 1292 sane
1519 1256 1637 1303 prin-

109 1323 217 1370 cipes
236 1322 376 1359 muudi
391 1319 683 1372 [DiocletianuS,
706 1320 975 1371 Maximianus,
998 1319 1188 1370 Galerius,
1208 1318 1477 1369 Constantius]
1496 1319 1638 1369 sortes,

106 1389 324 1436 sapz‘enteS,
363 1387 528 1435 benique·
565 1392 603 1425 et
640 1388 854 1426 admodum
892 1388 1098 1434 liberales,
1138 1398 1259 1424 unum
1295 1388 1334 1423 in
1369 1397 1454 1423 rem
1478 1398 1521 1435 p.
1548 1397 1638 1424 sen·

109 1454 266 1502 tientes,
316 1463 472 1501 semper
515 1457 749 1492 reuerentes
793 1453 968 1491 Romani
1010 1456 1191 1499 senatus,
1242 1453 1459 1501 moderati,
1495 1453 1640 1500 populi

109 1520 246 1565 amici,
276 1520 506 1568 persancti,
543 1530 713 1567 φακες,
753 1520 936 1567 reliqiosz'
977 1522 1014 1557 el
1056 1520 1194 1566 quales
1230 1519 1444 1567 principes
1482 1528 1639 1566 semper

107 1586 344 1633 optctuimus,
377 1595 545 1631 quorum
572 1586 698 1622 uitam
723 1586 893 1632 sinqulz‘s
919 1585 1034 1622 libris
1066 1584 1259 1622 Claudius
1286 1583 1542 1630 Eusthenius,
1571 1585 1641 1631 qui

110 1649 363 1688 Diocletiano
397 1650 445 1687 ab
479 1651 658 1698 epistulis
686 1649 778 1698 fuit,
810 1652 984 1698 scripsit,
1018 1650 1127 1697 quod
1157 1650 1314 1687 idcirco
1342 1649 1442 1695 dixi,
1468 1659 1519 1686 ne
1551 1650 1639 1696 quis

109 1727 134 1753 α
167 1727 226 1753 me
258 1726 341 1753 rem
374 1719 528 1753 tantam
566 1717 806 1764 requireret,
839 1718 1015 1754 maxime
1047 1726 1136 1753 cum
1169 1716 1234 1753 uel
1265 1715 1453 1752 diuorum
1478 1715 1638 1762 princi-

102 1792 203 1830 pum
233 1782 322 1818 uita
355 1791 433 1818 non
465 1783 552 1819 sine
585 1781 896 1829 reprehensione
929 1782 1104 1819 dicatur.

228 1844 479 1884 Onesimus
513 1857 578 1884 sex
613 1845 708 1884 locis
741 1858 761 1883 a
787 1845 952 1897 Vopisco
986 1849 1121 1884 auctor
1154 1845 1295 1883 citatus
1321 1841 1639 1895 ‘diligentissime

110 1911 230 1949 uitam
256 1910 374 1949 Probi
400 1909 627 1962 scripserat?
651 1911 720 1960 (fr.
739 1911 784 1959 3)
807 1915 935 1962 atque,
963 1923 1051 1950 cum
1079 1915 1264 1962 quattuor
1289 1909 1336 1948 ad
1363 1908 1506 1948 Carum
1534 1908 1640 1947 Cari-

110 1988 283 2027 numque
310 1977 543 2027 pertineant,
571 1973 757 2027 ‘scriptor
782 1977 887 2015 uitae
914 1974 1045 2015 Prohi'
1075 1975 1220 2014 dicitur
1247 1975 1318 2025 (fr.
1346 1975 1404 2026 2),
1431 1986 1530 2026 quae
1563 1973 1639 2012 dis-

111 2042 240 2079 sensio
269 2041 379 2079 facile
401 2042 453 2080 ita
474 2041 650 2092 expediri
671 2046 810 2093 potest,
836 2047 880 2080 ut
901 2043 1121 2092 etiammes,
1149 2053 1247 2092 quae
1274 2045 1363 2092 post
1389 2053 1478 2079 eum
1505 2044 1637 2091 gestae

112 2111 254 2157 essent,
288 2106 335 2145 ad
368 2108 453 2146 eius
485 2106 638 2146 laudem
674 2112 877 2146 reuocatas
911 2119 997 2146 esse
1031 2119 1274 2146 censeamus.
1327 2107 1485 2144 omnino
1523 2107 1639 2155 enim,

110 2177 154 2211 ut
195 2173 262 2223 qui
300 2185 387 2211 eum
427 2173 602 2211 imitatus
642 2177 697 2211 est
726 2173 932 2224 Vopiscus,
972 2171 1011 2210 id
1044 2173 1138 2223 egit,
1172 2178 1214 2211 ut
1247 2173 1434 2223 tyrannis,
1467 2172 1535 2222 qui
1568 2170 1639 2209 sub

113 2237 237 2276 Probo
271 2239 481 2288 imperium
515 2239 775 2288 affectassent,
809 2243 923 2289 atque
952 2237 1092 2276 Carino
1120 2239 1249 2276 onmia
1276 2239 1370 2276 uitia
1400 2236 1640 2288 exmcbrans

113 2308 151 2341 et
176 2302 346 2341 Probum
374 2308 412 2342 et.
437 2303 721 2342 Diocletianum
746 2303 1096 2354 Constantiumque
1123 2303 1356 2354 illustrare13
1383 2315 1472 2340 113111
1500 2313 1640 2340 causae

114 2380 250 2406 eorum
283 2369 576 2419 imperatorum,
603 2370 643 2407 in
670 2381 836 2420 quorum
864 2359 1028 2420 gratiam
1056 2368 1314 2418 scribebatur,
1347 2373 1462 2418 atque
1493 2379 1640 2417 eorum,

113 2434 181 2484 (1111
208 2432 254 2471 ab
282 2445 338 2484 eo,
366 2435 429 2472 cui
456 2439 739 2485 successerant,
767 2435 908 2473 remoti
936 2439 1058 2484 erant,
1085 2435 1180 2472 artis
1210 2433 1381 2472 uinculis
1410 2433 1641 2471 coniunctae

114 2504 226 2537 erant
253 2499 348 2544 (Die
375 2499 462 2537 Ser.
484 2501 520 2538 h.
544 2500 589 2537 Α.
608 2512 651 2549 p.
673 2500 760 2538 176
779 2502 894 2548 sqq).
940 2500 1029 2537 Cari
1062 2504 1190 2538 autem
1224 2499 1363 2549 uirtus,
1397 2510 1495 2549 quae
1524 2498 1639 2536 etiam

114 2568 207 2602 tunc
234 2563 343 2614 uulgi
369 2576 436 2602 ore
458 2564 741 2615 celebrabatur,
762 2564 947 2603 foeditate
968 2564 1039 2602 filii
1065 2563 1350 2603 obscurabatur
1377 2568 1415 2602 et
1440 2562 1640 2602 oblittera-

113 2628 239 2681 batur,
279 2641 377 2679 quae
416 2634 460 2668 ut
496 2630 536 2668 in
568 2631 835 2681 praesentium
881 2631 1162 2681 imperatorum
1207 2629 1362 2668 laudem
1404 2633 1641 2678 uerteretur,

115 2696 232 2732 etiam
254 2693 396 2733 Carum
422 2699 572 2746 patrem
601 2697 641 2733 in
667 2696 752 2733 eius
778 2695 906 2734 locum
928 2694 1199 2733 Constantium
1227 2693 1440 2744 subrogare
1467 2693 1641 2732 uoluisse

116 2759 337 2810 fingebatur
352 2759 422 2809 (fr.
438 2761 464 2798 5
477 2762 565 2809 sq.).
594 2762 701 2812 atqui
723 2761 840 2799 etiam
861 2759 1001 2799 Suidas
1023 2758 1252 2800 Onasimum
1273 2761 1312 2798 in
1334 2759 1505 2798 indicem
1526 2771 1639 2798 suum
