1842 3133
197 112 222 140 x
522 97 583 131 DE
612 96 917 132 SCRIPTORVM
944 97 1069 132 VITIS
1097 96 1157 130 ET
1185 95 1394 131 SCRIPTIS

196 210 331 248 suisset
374 222 436 247 res
474 221 563 247 suas
602 207 800 247 obliuione
840 208 1070 259 obscurare,
1109 220 1265 246 omnem
1303 209 1535 246 memoriam
1573 209 1627 247 ita
1660 220 1723 247 ex-

197 280 373 327 poneret,
406 280 444 313 ut
483 287 544 313 res
578 288 596 312 a
625 273 828 313 consulatu
857 286 927 313 suo
961 286 1124 312 exorsus
1151 286 1276 325 usque
1304 272 1351 311 ad
1378 272 1533 312 Romuli
1559 285 1725 324 regnum

197 336 463 394 deduceret.¹)
527 344 662 377 contra
700 339 934 378 Plutarchus
974 340 1078 387 (Cic.
1106 339 1181 387 41)
1222 338 1431 378 consilium
1473 351 1536 378 res
1577 340 1725 390 patrias

197 407 358 444 historia
404 404 678 456 conplectendi
723 404 980 456 conpluribus
1026 410 1063 443 et
1108 403 1276 456 publicis
1321 409 1359 443 et
1403 393 1569 455 priuatis
1613 404 1725 443 malis

197 471 393 510 turbatum
439 482 523 508 esse
573 469 751 509 scribens
796 471 978 521 inprimis
1032 469 1200 509 diuortio
1252 482 1341 509 cum
1381 469 1567 508 Terentia
1612 470 1725 521 facto,

196 532 453 589 (2146508)
479 548 568 573 cum
594 537 678 586 ipso
703 535 892 574 Cicerone
917 537 1126 575 concinere
1150 534 1320 574 uidetur.
1366 534 1470 586 quod
1498 547 1594 574 uero
1619 534 1726 574 addit

195 598 262 640 καὶ
299 599 440 640 πολλὰ
473 597 680 652 συμμῖξαι
713 605 801 640 τῶν
828 596 1095 653 Ἑλληνικῶν
1127 604 1197 640 καὶ
1232 598 1343 647 ὅλως
1375 600 1479 648 τοὺς
1511 597 1726 652 συνηγμέ-

196 681 301 714 νους
328 666 486 718 λόγους
511 665 582 705 καὶ
608 664 783 716 μύθους
810 663 1006 706 ἐνταῦθα
1030 663 1197 719 τρέψαι,
1223 666 1295 705 hoc
1324 665 1418 717 quid
1443 665 1627 718 uoluerit,
1647 678 1725 705 non

196 733 404 784 perspicio,
434 733 511 770 nisi
537 731 737 770 Plutarchi
769 737 906 771 auctor
937 732 1033 771 haec
1066 732 1113 771 ad
1145 732 1266 771 libros
1300 734 1350 771 de
1381 734 1536 781 lembus
1563 731 1726 783 rettulit,

196 810 293 849 quos
321 797 560 836 Graecorum
589 798 781 848 sapientia
808 797 1030 836 redundare
1057 802 1220 837 constat.
1232 794 1265 852 2)
1298 797 1433 836 Dionis
1455 802 1584 836 autem
1604 796 1726 836 uerba

195 865 302 902 omni
335 863 410 902 tide
444 868 642 914 carerent,
675 865 753 902 nisi
785 876 913 915 nuper
945 863 1072 902 simile
1110 863 1258 915 aliquid
1293 863 1338 902 de
1371 868 1505 902 nostra
1537 864 1726 902 memoria

196 935 232 968 et
267 930 529 979 excogitatum
562 934 601 967 et
632 928 867 980 quibusdam
900 929 1107 980 probatum
1141 934 1263 980 esset,
1296 928 1365 967 sed
1397 941 1445 967 ne
1479 929 1536 967 sic
1568 927 1726 980 quidem

196 1007 266 1046 pro
298 996 405 1032 ueris
442 994 538 1032 haec
576 994 721 1033 hahere
754 1007 933 1046 possum,
966 996 1085 1033 immo
1119 994 1280 1033 subesse
1313 995 1495 1033 existimo
1529 998 1567 1033 et
1600 993 1727 1033 decla-

196 1061 357 1098 matoris
391 1059 496 1098 illius
536 1059 710 1098 studium
743 1061 872 1098 onmia
906 1059 1074 1111 augendi
1107 1065 1144 1099 et
1181 1059 1446 1111 amplificandi
1479 1064 1517 1098 et
1549 1072 1726 1098 errorem

197 1138 243 1164 ex
277 1125 413 1163 eodem
446 1125 510 1163 illo
544 1126 744 1177 prooemio
778 1131 920 1177 ortum,
953 1127 993 1164 in
1027 1138 1103 1177 quo
1136 1125 1202 1164 illa
1236 1124 1388 1164 ‘ultima
1420 1124 1610 1177 tempora'
1638 1137 1726 1177 per-

196 1203 330 1242 peram
365 1190 411 1229 de
446 1192 513 1241 eis,
548 1204 646 1242 quae
680 1191 862 1230 Ciceroni
893 1192 1070 1243 proxima
1105 1196 1248 1242 essent,
1281 1191 1480 1230 intellecta
1513 1197 1655 1231 essent.

316 1256 392 1295 Sed
424 1258 596 1308 primum
630 1258 669 1295 in
698 1257 900 1296 Ciceronis
927 1257 1090 1296 historia
1117 1256 1269 1296 obtinet
1294 1256 1423 1296 locum
1450 1258 1483 1295 is
1515 1256 1627 1308 liber,
1660 1259 1727 1309 qui

197 1327 257 1361 est
283 1322 341 1361 De
376 1322 625 1361 consulatu
654 1322 830 1361 Graece
865 1324 1090 1374 scriptus.
1137 1336 1213 1374 quo
1235 1322 1393 1374 quidem
1415 1322 1605 1373 gloriatur
1625 1323 1727 1374 quod

197 1385 336 1426 ‘totum
363 1388 524 1426 Isocrati
545 1387 824 1440 μνροθήκιον
845 1393 960 1440 atque
987 1401 1123 1427 omnes
1151 1390 1234 1427 eius
1262 1388 1546 1439 discipulorum
1575 1388 1727 1427 arculas

197 1467 238 1492 ac
255 1466 332 1492 non
348 1453 445 1492 nihil
461 1455 578 1492 etiam
593 1454 817 1492 Aristotelia
832 1455 1030 1505 pigmenta
1047 1451 1351 1505 consumpserit’
1369 1455 1444 1501 (ad
1457 1455 1537 1492 Att.
1554 1455 1603 1492 II
1619 1455 1656 1502 I,
1670 1455 1726 1503 1),

197 1525 384 1570 putatque
416 1519 509 1557 huic
542 1518 689 1558 Graeco
718 1519 911 1558 Graecum
939 1519 1117 1559 inuidere
1146 1521 1192 1566 (I
1212 1520 1280 1568 20,
1302 1520 1347 1567 6)
1378 1519 1726 1571 conturbatamque

197 1599 216 1622 a
250 1598 290 1623 se
330 1597 415 1623 esse
455 1584 643 1623 Graecam
683 1587 882 1624 nationem
916 1587 985 1632 (II
1013 1586 1050 1634 1,
1078 1586 1136 1633 2).
1200 1585 1403 1624 rhetorum
1446 1586 1566 1635 igitur
1607 1587 1725 1624 artili-

198 1651 269 1689 ciis
313 1662 375 1689 res
416 1649 479 1689 uel
525 1663 668 1699 augere
710 1651 774 1689 uel
816 1650 1029 1690 obscurare
1073 1652 1107 1690 ei
1152 1650 1363 1702 placuerat.
1427 1652 1615 1689 nimirum
1655 1663 1728 1702 per

198 1715 393 1754 lubricum
438 1715 662 1767 incedebat,
707 1722 749 1755 ut
794 1717 1032 1755 offensiones
1076 1718 1300 1768 principum
1347 1712 1568 1770 euita1·et.³)
1619 1716 1726 1755 uelut

197 1794 286 1820 cum
321 1781 505 1820 Crassum
539 1787 577 1820 et
609 1782 817 1821 Caesarem
850 1794 870 1820 a
903 1784 1173 1821 coniuratione
1207 1794 1285 1820 non
1318 1781 1465 1820 alienos
1498 1782 1619 1820 fuisse
1653 1781 1727 1821 sihi

199 1849 478 1898 persuasisset,
510 1846 567 1885 illi
606 1849 722 1886 etiam
756 1847 911 1886 laudem
944 1848 1139 1899 quandam
1178 1848 1263 1886 eius
1302 1848 1515 1898 patefactae
1549 1847 1728 1886 attribuit

198 1913 268 1962 (fr.
298 1914 355 1963 I),
394 1913 484 1951 huic
525 1918 653 1952 antem
692 1919 781 1965 post
819 1915 1036 1953 orationem
1077 1913 1122 1952 de
1163 1914 1376 1952 coniuratis
1408 1925 1481 1964 per
1512 1914 1725 1965 municipia

320 2072 352 2113 1)
381 2069 477 2103 Cass.
500 2068 570 2104 Dio
597 2073 653 2113 46,
676 2074 716 2104 ’21
758 2071 834 2105 Καὶ
870 2068 963 2105 οὕτω
1000 2082 1038 2115 γε
1074 2068 1318 2115 ἀναίσχυντος
1354 2067 1388 2104 εἷ
1421 2069 1509 2104 ὥστε
1545 2069 1607 2104 καὶ
1643 2081 1727 2114 συγ-

200 2123 341 2167 γράψαι
376 2128 492 2156 ταῦτα
525 2128 678 2157 τοιαῦτα
712 2123 802 2158 ὄντα
835 2122 1082 2169 ἐπεχείρησας.
1106 2145 1148 2148 —
1173 2121 1406 2167 προθέμενος
1438 2122 1506 2167 γὰρ
1533 2122 1657 2158 πάντα
1682 2122 1727 2157 τὰ

198 2179 241 2222 τῇ
262 2174 365 2210 πόλει
387 2175 627 2221 πεπραγμένα
649 2176 862 2222 συγγράψαι
883 2177 955 2222 (καὶ
980 2176 1048 2222 γὰρ
1070 2177 1244 2221 σοφιστὴς
1265 2176 1327 2210 καὶ
1354 2176 1509 2220 ποιητὴς
1534 2176 1597 2210 καὶ
1625 2176 1726 2220 φιλό-

199 2242 313 2271 σοφος
339 2229 401 2263 καὶ
428 2227 546 2273 ῥήτωρ
574 2230 637 2264 καὶ
670 2231 904 2276 συγγραφεὺς
930 2227 1026 2265 εἶναι
1051 2229 1261 2274 πλάττεται)
1297 2227 1408 2265 ἔπειτ’
1446 2230 1513 2264 οὐκ
1551 2229 1625 2264 ἀπὸ
1664 2235 1727 2274 τῆς

200 2281 347 2322 κτίσεως
372 2283 496 2327 αὐτῆς,
530 2282 648 2327 ὥσπερ
682 2283 716 2318 οἱ
749 2284 851 2318 ἄλλοι
885 2283 919 2318 οἱ
950 2289 1058 2318 τοῦτο
1084 2289 1297 2327 ποιοῦντες,
1327 2282 1417 2317 ἀλλὰ
1445 2282 1518 2317 ἀπὸ
1545 2288 1608 2328 τῆς
1633 2284 1726 2317 ὑπα-

199 2335 297 2376 τείας
316 2341 380 2380 τῆς
404 2335 536 2371 ἑαυτοῦ
566 2336 717 2381 ἤρξατο,
750 2336 812 2372 ἵνα
840 2337 1027 2372 ἀνάπαλιν
1053 2343 1254 2382 προχωρῶν
1281 2336 1399 2382 ἀρχὴν
1426 2335 1493 2381 μὲν
1519 2342 1583 2370 τοῦ
1616 2335 1726 2382 λόγου

200 2388 355 2433 ἐκείνην,
382 2389 550 2435 τελευτὴν
577 2390 616 2425 δὲ
643 2390 710 2435 τὴν
737 2396 800 2425 τοῦ
822 2390 1006 2435 Ῥωμύλου
1033 2389 1222 2437 βασιλείαν
1248 2390 1456 2435 ποιήσηται.

320 2447 354 2487 2)
381 2443 504 2477 Graux
530 2446 570 2478 in
596 2445 678 2479 edit.
699 2456 768 2479 sua
794 2445 858 2480 uit.
882 2445 992 2480 Cicer.
1009 2457 1047 2489 1).
1072 2448 1141 2480 159
1173 2444 1256 2489 ipsa
1282 2444 1374 2478 haec
1400 2443 1586 2479 Ciceronis
1614 2444 1728 2479 uerba

201 2497 259 2539 (dc
287 2496 382 2541 legg.
405 2496 418 2530 I
442 2501 471 2540 1,
487 2498 521 2541 5)
543 2498 779 2542 ‘quamquam
798 2503 829 2533 et
849 2498 950 2543 apud
970 2499 1193 2533 Herodotum
1212 2502 1353 2542 putrem
1372 2498 1544 2532 historiae
1569 2501 1601 2532 et
1626 2497 1728 2542 apud

206 2551 468 2594 Theopompum
499 2555 585 2585 sunt
613 2553 894 2587 inumerabiles
918 2552 1079 2595 fabulae‘
1103 2562 1232 2586 ansam
1258 2551 1474 2596 praebuisse
1498 2552 1624 2585 censet}
1642 2550 1725 2585 Plu-

201 2604 328 2637 tarcho
355 2603 414 2637 uel
442 2603 520 2638 eius
548 2605 699 2639 auctori.

320 2666 353 2707 3)
382 2663 475 2697 Nolo
508 2663 608 2708 ipsas
640 2675 713 2707 res,
747 2675 839 2709 quas
872 2665 918 2699 ab
952 2675 994 2699 eo
1021 2666 1213 2698 enarratas
1239 2675 1318 2699 esse
1345 2665 1633 2699 consentaneum
1660 2665 1726 2707 est,

202 2716 381 2759 persequi.
428 2716 506 2760 ipse
532 2718 660 2760 paucis
686 2718 932 2763 paragraphis
955 2717 1139 2762 ‘exposuit
1166 2717 1330 2752 breuiter
1350 2717 1583 2752 consulatum
1603 2718 1724 2752 suum’

201 2770 238 2803 in
266 2769 335 2802 Pis.
358 2774 520 2812 2‚4-3‚
538 2774 566 2804 τ.
