1842 3133
23 698 55 722 10

24 966 54 990 15

20 1232 53 1256 20

19 1764 52 1789 30

18 2031 51 2056 35

499 93 560 128 DE
589 92 750 128 GENTE
778 92 955 128 POPVLI
981 91 1173 128 ROMANI
1557 91 1604 135 17

125 203 161 236 et
194 200 240 235 ab
280 212 322 235 eo
358 201 592 236 liberationis
630 201 838 244 hominum,
879 201 1054 244 uitaeque
1093 203 1181 235 tunc
1220 212 1461 236 aerumnosae
1499 202 1608 235 modo

124 255 172 289 ad
205 255 300 298 alta,
338 255 447 289 modo
487 255 533 288 ad
572 254 685 299 plana
723 254 966 299 migrantium
1006 254 1161 289 solemni
1204 254 1420 290 celebritate
1457 266 1608 289 reuoca-

124 311 219 343 runt.
264 319 350 342 nam
384 310 421 342 et
457 309 706 353 Lupercorum
738 320 803 353 per
837 319 979 342 sacram
1012 308 1113 341 uiam
1146 309 1367 343 adscensum
1399 310 1512 352 atquc
1545 308 1608 342 de-

124 372 293 396 scensum
320 362 371 395 sic
398 362 705 406 interpretantur,
732 364 774 395 ut
801 362 847 396 ab
875 362 928 395 eis
956 361 1157 406 significari
1185 361 1312 397 dicant
1337 362 1516 405 homines,
1543 362 1607 406 qui

123 418 275 459 propter
313 426 433 459 aquae
466 415 749 450 inundationem
785 426 928 449 sumnia
962 415 1143 450 montium
1175 415 1391 460 petiuerunt
1420 417 1457 449 et
1482 427 1608 450 rursus

125 469 254 502 eadem
281 468 466 503 residente
494 469 541 502 ad
568 468 643 502 ima
668 468 869 503 redierunt.

217 521 283 555 His
322 521 551 566 temporibus
588 521 809 566 Dionysum,
858 521 921 565 qui
954 521 1068 556 etiam
1107 521 1217 556 Liber
1249 524 1356 566 pater
1398 522 1519 556 dictus
1554 526 1609 557 est

124 577 161 609 et
186 578 271 620 post
290 578 447 610 mortem
474 576 563 609 deus
590 575 752 617 habitus,
781 575 893 609 vitem
919 575 1043 610 ferunt
1069 574 1276 609 ostendisse
1303 575 1341 608 in
1360 575 1488 610 Attica
1507 577 1609 610 terra

124 628 262 672 hospiti
295 640 370 663 suo.
411 631 499 663 tunc
535 628 701 673 Apollini
731 627 911 672 Delphico
944 628 1109 663 instituti
1142 631 1228 663 sunt
1260 628 1339 662 ludi
1377 628 1529 673 musici,
1567 632 1609 663 ut

122 682 334 726 placaretur
360 682 416 716 ira
442 681 538 726 eius,
572 693 647 725 qua
672 681 860 726 putabant
885 682 1055 716 adflictas
1090 693 1169 716 esse
1202 681 1402 716 sterilitate
1429 682 1607 717 Graeciae

123 735 303 780 regiones,
330 735 420 780 quia
445 748 518 769 non
545 735 782 769 defenderint
807 735 987 779 templum
1015 735 1105 778 eius,
1132 735 1233 779 quod
1253 746 1315 769 rex
1335 734 1498 779 Danaus,
1525 747 1607 770 cuni

123 789 273 823 easdem
305 791 422 823 terras
451 788 551 823 bello
581 788 794 831 inuasisset,
821 788 997 823 incendit.
1043 788 1110 823 hos
1137 791 1262 822 autem
1288 788 1396 823 ludos
1427 792 1470 823 ut
1502 789 1608 824 insti-

122 845 280 886 tuerent,
302 842 450 877 oraculo
472 844 557 876 sunt
578 842 655 876 eius
677 842 869 876 admoniti.
916 841 954 875 in
980 842 1109 875 Attica
1135 853 1222 876 uero
1254 853 1317 876 rex
1344 841 1607 877 Erichthonius

123 895 156 930 ei
188 895 295 931 ludos
328 896 469 941 primus
507 895 690 939 instituit,
723 906 790 929 nec
822 895 856 929 ei
882 897 1029 929 tantum
1062 895 1126 929 sed
1160 895 1274 929 etiam
1306 895 1515 940 Mineruae,
1543 896 1607 930 ubi

122 949 327 994 praemium
352 949 559 984 uictoribus
586 949 709 983 oleum
734 949 954 993 ponebatur,
976 949 1075 993 quod
1097 949 1175 982 eius
1196 949 1338 982 fructus
1360 948 1607 983 inuentricem

123 1003 331 1037 Mineruam
358 1003 455 1037 sicut
480 1002 559 1036 uini
586 1002 760 1037 Liberum
787 1002 952 1036 tradunt.

215 1057 285 1090 Per
323 1067 383 1091 eos
424 1067 540 1091 annos
580 1067 601 1089 a
639 1066 725 1100 rege
764 1055 913 1090 Xantho
948 1055 1195 1100 Cretensium,
1235 1056 1339 1090 cuius
1379 1056 1480 1100 apud
1513 1056 1607 1090 alios

122 1110 225 1144 aliud
251 1121 386 1144 nomen
412 1109 634 1152 inuenimuS,
661 1111 770 1153 rapta
795 1109 1013 1153 perhibetur
1034 1109 1182 1154 Europa
1203 1113 1240 1143 et
1260 1109 1347 1144 inde
1366 1109 1486 1154 geniti
1508 1109 1606 1144 Rha—

122 1164 346 1198 damanthus
379 1163 570 1208 Sarpedon
603 1165 639 1196 et
671 1163 808 1205 Minos,
842 1173 934 1206 quos
961 1163 1080 1207 magis
1109 1174 1151 1197 ex
1179 1163 1310 1198 eadem
1335 1162 1490 1197 muliere
1512 1163 1606 1197 filios

121 1217 218 1252 Iouis
246 1228 324 1251 esse
350 1217 546 1262 uulgatum
572 1218 638 1250 est.
685 1216 750 1250 sed
780 1215 914 1250 talium
947 1216 1099 1250 deorum
1126 1216 1286 1251 cultores
1312 1216 1407 1250 illud
1433 1217 1534 1261 quod
1560 1217 1606 1251 de

121 1282 206 1316 rege
234 1271 464 1305 Cretensium
491 1270 663 1312 diximus,
686 1270 887 1303 historicae
907 1269 1074 1310 ueritati,
1096 1270 1164 1304 hoc
1185 1272 1310 1304 autem
1331 1271 1431 1314 quod
1452 1271 1497 1305 de
1518 1270 1605 1305 Ioue

120 1326 253 1369 poetae
281 1327 445 1367 cantant,
472 1324 620 1358 theatra
648 1325 883 1367 concrepant,
910 1322 1040 1368 populi
1067 1322 1269 1367 celebrant,
1296 1324 1460 1358 uanitati
1491 1324 1603 1368 depu-

121 1380 205 1412 tant
230 1378 454 1421 fabularum,
481 1379 522 1411 ut
548 1379 646 1411 esset
665 1376 763 1410 unde
786 1376 865 1410 ludi
885 1377 1016 1411 fierent
1035 1376 1230 1421 placandis
1250 1376 1467 1411 numinibus
1489 1377 1605 1411 etiam

121 1431 226 1466 falsis
258 1443 384 1466 eorum
417 1430 646 1465 criminibus.

219 1486 281 1519 His
308 1485 537 1529 temporibus
558 1483 735 1518 Hercules
757 1484 795 1517 in
816 1483 923 1528 Syria
950 1483 1070 1518 clarus
1097 1484 1318 1526 habebatur,
1346 1484 1410 1519 sed
1430 1484 1605 1518 nimirum

121 1538 227 1582 alius,
253 1550 326 1573 non
352 1538 416 1573 ille
443 1539 488 1572 de
515 1549 587 1583 quo
614 1549 725 1583 supra
751 1538 867 1571 locuti
888 1550 1022 1572 sumus.
1071 1537 1267 1572 secretiore
1288 1538 1426 1583 quippe
1448 1538 1605 1572 historia

119 1592 244 1637 plures
276 1593 390 1626 fuisse
417 1592 591 1626 dicuntur
620 1594 657 1625 et
683 1591 807 1625 Liberi
832 1593 958 1635 patres
985 1594 1023 1626 et
1048 1591 1236 1626 Hercules.
1275 1592 1374 1625 hunc
1400 1602 1489 1626 sane
1516 1592 1604 1626 Her-

120 1645 256 1688 culem,
290 1646 394 1680 cuius
426 1645 596 1690 ingentia
628 1645 824 1679 duodecim
850 1645 951 1679 facta
980 1648 1188 1688 numerant,
1221 1645 1318 1679 inter
1344 1656 1440 1689 quae
1466 1646 1604 1680 Antaei

120 1699 199 1733 Afri
228 1710 356 1734 necem
387 1710 461 1733 non
493 1701 796 1742 commemorant,
835 1699 934 1743 quod
968 1710 1011 1732 ea
1042 1710 1100 1733 res
1134 1699 1179 1732 ad
1213 1698 1372 1733 alterum
1405 1699 1602 1733 Herculem

120 1753 292 1796 pertinet,
320 1753 358 1786 in
380 1752 473 1787 Oeta
494 1755 619 1787 monte
640 1763 661 1786 a
682 1763 720 1786 se
741 1753 820 1797 ipso
847 1753 1038 1786 incensum
1065 1752 1228 1796 produnt
1248 1752 1323 1786 suis
1343 1752 1490 1796 litteris,
1519 1764 1601 1787 cum

120 1818 163 1840 ea
194 1807 349 1849 uirtute,
382 1818 456 1850 qua
490 1806 608 1841 multa
648 1806 865 1850 subegerat,
903 1805 1072 1840 morbum
1104 1808 1248 1849 tamen,
1280 1817 1352 1849 quo
1387 1805 1602 1851 languebat,

120 1860 302 1895 sustinere
333 1871 407 1893 non
439 1862 575 1904 posset.

213 1913 280 1947 Illo
312 1916 479 1958 tempore
511 1913 571 1948 uel
604 1924 667 1947 rex
700 1913 759 1947 uel
789 1913 914 1958 potius
941 1914 1121 1957 tyrannus
1148 1913 1289 1947 Busiris
1316 1913 1391 1947 suis
1419 1913 1490 1947 diis
1518 1924 1601 1947 suos

119 1967 284 2012 hospites
305 1966 537 2009 immolabat,
564 1978 675 2011 quem
701 1966 818 2000 filium
851 1967 1050 2011 perhibent
1075 1966 1189 2001 fuisse
1216 1966 1382 2011 Neptuni
1415 1977 1458 2000 ex
1484 1969 1602 2001 matre

120 2020 249 2065 Libya,
283 2020 360 2054 filia
390 2020 547 2065 Epaphi.
593 2032 722 2054 uerum
754 2032 826 2054 non
860 2020 1034 2054 credatur
1065 2020 1134 2054 hoc
1167 2022 1337 2065 stuprum
1368 2022 1602 2065 perpetrasse

193 2144 222 2174 1.
249 2140 353 2174 Haec
368 2141 505 2184 partim
533 2151 576 2174 eac
603 2139 694 2174 libro
714 2141 746 2182 I,
761 2141 901 2183 partim
920 2151 963 2174 ex
983 2140 1056 2173 III
1071 2140 1217 2174 collecta
1245 2140 1290 2174 ab
1310 2140 1519 2185 Augustino
1544 2140 1602 2174 hic

72 2189 148 2223 illic
173 2192 314 2222 mutata
339 2191 434 2222 sunt.
468 2187 587 2221 Aliter
607 2187 720 2221 F‘rz'ck·
745 2199 779 2231 p.
794 2190 844 2222 26
857 2200 928 2231 sqq.
958 2187 1011 2230 Cf.
1028 2188 1129 2222 Seru.
1144 2187 1193 2222 ad
1215 2188 1316 2232 Very.
1332 2189 1423 2221 Aen.
1441 2187 1513 2220 HI
1528 2190 1600 2221 576Ι

72 2235 206 2269 Varro
234 2235 326 2269 dicit
350 2235 389 2268 in
416 2233 559 2269 diluuio
587 2234 732 2278 aliquos
760 2234 806 2268 ad
833 2237 976 2269 montes
1003 2234 1214 2279 confugisse
1247 2246 1329 2269 cum
1360 2233 1599 2277 utensilibus,

72 2282 136 2325 qui
162 2282 328 2316 lacessiti
353 2284 486 2326 postea
506 2268 610 2316 bello
637 2282 684 2316 ab
711 2282 780 2325 his,
807 2283 871 2325 qui
899 2282 943 2316 de
971 2282 1054 2316 aliis
1081 2282 1285 2317 ueniebant
1309 2281 1518 2323 montibus,
1544 2281 1599 2315 fa-

73 2330 142 2363 cile
175 2340 219 2363 ex
244 2329 335 2364 locis
362 2329 612 2374 superioribus
639 2329 825 2364 uicerunt:
859 2330 957 2363 unde
983 2330 1125 2363 factum
1151 2331 1218 2372 est,
1245 2332 1286 2363 ut
1312 2329 1365 2362 dii
1392 2329 1599 2374 superiores

72 2377 294 2421 dicerentur,
320 2376 513 2411 inferiores
539 2388 627 2411 uero
653 2377 874 2421 terrigenae.
908 2379 945 2411 et
971 2377 1059 2420 quia
1080 2378 1125 2411 de
1145 2376 1367 2411 humillimis
1387 2377 1435 2410 ad
1456 2388 1600 2411 summa

72 2425 283 2469 reptabant,
311 2424 402 2458 dicti
429 2426 515 2458 sunt
540 2436 605 2469 pro
631 2424 789 2468 pedibus
815 2424 992 2459 habuisse
1019 2427 1218 2469 serpentes.

192 2476 245 2507 13.
276 2473 330 2515 Of.
352 2473 514 2517 th'larq.
538 2473 586 2506 acl
614 2473 714 2517 Very.
736 2484 852 2517 {secu-y.
873 2473 947 2506 III
968 2475 1037 2507 113
1069 2471 1204 2506 Varro
1234 2471 1273 2505 in
1299 2471 1406 2516 libro,
1433 2471 1497 2516 qui
1524 2472 1597 2505 Ad-

71 2519 299 2553 mirabilium
346 2519 579 2561 inscribitur,
630 2519 913 2553 Erichthonium
958 2520 1012 2554 ait
1056 2520 1216 2563 primum
1260 2531 1374 2563 equos
1421 2522 1599 2563 quattuor

71 2566 234 2601 iunxisse
260 2567 369 2610 ludis,
397 2566 461 2610 qui
488 2566 753 2600 Panathenaea
780 2567 1029 2611 appellantur.

192 2692 227 2728 7.
260 2691 485 2740 dionysium
517 2691 632 2728 codd.
758 2692 821 2728 13.
855 2691 1042 2728 ericthon.
1066 2703 1094 2738 9
1219 2693 1282 2730 19.
1315 2692 1444 2729 minus
1468 2703 1497 2739 y

74 2751 139 2787 28.
174 2751 307 2788 anthei
340 2763 399 2798 ey
494 2751 559 2787 31.
592 2748 735 2799 multa]
767 2751 881 2788 codd.
914 2754 1090 2788 monstra
1120 2752 1225 2798 uuly.
1320 2752 1386 2788 35.
1419 2751 1542 2800 paphi
1574 2751 1596 2789 b

142 2823 220 2848 Hist.
236 2823 319 2847 Rom.
335 2824 386 2848 rel.
408 2824 447 2855 Π,
468 2824 512 2847 ed.
535 2824 651 2847 Peter.
1292 2822 1309 2850 2
