1842 3133
180 131 305 159 xxxx
506 116 568 150 DE
597 116 904 151 SCRIPTORVM
930 116 1054 151 VITIS
1081 116 1141 150 ΕΤ
1169 116 1377 151 SCRIPTIS

180 229 239 266 hic
287 227 488 278 colligere,
535 240 631 278 quae
679 227 725 265 de
770 229 850 266 uita
895 241 964 266 sua
1000 228 1211 267 Varronem
1258 228 1464 268 tradidisse
1509 231 1708 281 cognitum

179 293 425 343 haberemus,
459 292 526 331 sed
561 294 634 331 etsi
667 292 857 343 quaedam
890 294 928 331 in
964 293 1075 331 libris
1107 293 1184 332 illis
1217 293 1345 333 locum
1379 307 1491 334 suum
1525 295 1709 335 habuisse

179 358 450 408 concedfflms,
491 358 687 396 noluimus
726 358 824 396 hanc
859 371 1015 409 operam
1050 358 1258 398 admodum
1293 360 1551 411 periculosam
1586 363 1708 400 susci-

179 436 282 474 pere,
317 424 498 474 quoniam
533 422 701 461 libenter
734 436 822 462 eum
856 425 1060 462 occasione
1095 426 1199 463 uitae
1227 437 1319 464 suae
1347 427 1708 465 commemorandae

179 490 218 526 in
254 488 339 527 aliis
374 487 483 526 libris
517 501 631 527 usum
665 501 751 527 esse
785 495 948 528 constat.
982 491 1111 540 itaque
1145 503 1187 529 ea
1221 491 1436 542 supersedi.

648 761 1003 810 CORNELIVS
1042 764 1246 812 NEPOS

296 881 350 920 De
384 880 555 920 Cornelii
588 880 749 933 Nepotis
782 883 861 921 uita
895 883 979 921 siue
1007 883 1053 921 ah
1080 884 1165 934 ipso
1193 885 1276 922 siue
1305 884 1351 923 ah
1379 884 1464 923 aliis
1492 885 1586 923 haee
1621 890 1712 924 sunt

180 947 389 985 memoriae
424 946 587 997 prodita.
639 947 732 985 Padi
767 960 854 986 eum
889 948 1059 987 accolam
1094 950 1215 988 fuisse
1249 951 1371 997 (Ptin.
1394 963 1430 989 η.
1451 952 1486 989 Ie.
1510 952 1585 989 III
1607 952 1710 998 127)

179 1014 497 1064 municipemque
531 1012 572 1050 T.
601 1012 698 1051 Catii
733 1013 910 1051 Insubris
945 1015 1067 1061 (Plin.
1094 1028 1152 1064 ep.
1183 1016 1249 1053 Il*
1271 1015 1337 1064 28,
1360 1017 1396 1055 I.
1436 1017 1514 1055 Cic.
1537 1019 1593 1055 ad
1612 1017 1711 1066 fam.

179 1079 263 1117 XI*
286 1079 353 1126 16,
376 1079 412 1126 1,
441 1090 486 1116 ex
514 1078 656 1129 quibus
685 1080 920 1118 testimoniis
948 1081 1168 1119 coniunctis
1189 1080 1325 1119 Ticino
1354 1094 1442 1119 eum
1470 1087 1598 1120 ortum
1626 1094 1711 1120 esse

179 1144 393 1182 Mommsen
427 1143 593 1195 collegit,
626 1144 760 1182 Herm.
785 1145 813 1182 3
831 1157 874 1194 p.
903 1145 990 1193 62),
1018 1146 1102 1183 eius
1135 1151 1258 1184 aetate
1286 1146 1490 1185 Eudoxum
1519 1147 1712 1198 quendam

178 1209 442 1247 Ptolemaeum
471 1208 654 1260 Latyrum
679 1204 730 1263 (a.
753 1207 921 1261 81s‘673
955 1207 1172 1265 mortuum)
1202 1212 1347 1261 fugisse
1382 1214 1580 1262 (Exempl.
1597 1213 1652 1263 fr.
1675 1214 1711 1252 6.

183 1276 282 1313 Ptin.
305 1287 342 1313 η.
363 1276 399 1313 Ιι.
424 1275 473 1312 II
496 1275 612 1323 169),
646 1288 677 1313 a.
705 1271 874 1327 655‘689
915 1276 1112 1314 audiuisse
1152 1276 1383 1315 Ciceronem
1421 1290 1492 1328 pro
1516 1278 1712 1328 <Cornelio

181 1339 448 1378 defensionem
482 1345 731 1391 perorantem
760 1342 839 1387 (De
868 1344 953 1379 aila
986 1344 1064 1380 (vc.
1082 1342 1137 1391 fr.
1162 1343 1217 1391 2),
1251 1355 1295 1381 eo
1330 1344 1471 1381 iuuene
1500 1332 1711 1382 uiolaceam

180 1418 393 1457 purpuram
432 1406 625 1456 uiguisse,
664 1418 742 1443 non
782 1406 903 1445 multo
936 1413 1019 1457 post
1057 1409 1296 1446 successisse
1327 1408 1588 1459 Tarentinam,
1622 1409 1711 1447 huic

181 1471 387 1521 dibapham
420 1470 593 1522 Tyriam,
630 1484 702 1522 qua
736 1471 775 1510 P.
804 1471 992 1511 Lentulus
1027 1472 1213 1523 Spinther
1251 1473 1388 1512 aedilis
1427 1474 1575 1513 curulis
1609 1472 1648 1528 (i.
1681 1488 1711 1513 e.

180 1550 210 1575 a.
241 1532 427 1590 133ss691)
462 1537 614 1587 primus
652 1538 691 1575 in
732 1542 931 1588 praetexta
964 1550 1060 1577 usus
1095 1543 1194 1577 esset
1231 1539 1509 1590 (Ex.f7'.18)‚
1545 1539 1712 1591 denique

180 1603 413 1653 scriptorem
452 1601 683 1641 historicum
724 1602 872 1641 clarum
911 1602 1085 1642 habitum
1126 1616 1211 1643 esse
1245 1618 1276 1643 a.
1303 1601 1474 1657 40s714
1508 1606 1637 1652 (Hier.
1660 1608 1716 1645 ad

181 1681 216 1706 a.
244 1669 341 1706 Abr.
370 1668 485 1705 1977
510 1680 553 1717 p.
583 1668 668 1706 139
700 1669 822 1719 Sela),
861 1668 990 1707 obisse
1032 1669 1112 1708 diui
1150 1670 1315 1721 Augusti
1354 1671 1576 1722 principatu
1617 1673 1711 1718 (Ex.

177 1734 231 1782 fr.
265 1732 326 1771 18.
356 1733 442 1781 19),
471 1739 576 1771 certe
605 1739 693 1784 post.
719 1734 888 1772 Atticum
917 1736 1018 1781 (ascl.
1041 1736 1153 1785 {nfra
1172 1749 1215 1785 p.
1238 1738 1473 1784 xxxxrmz).
1514 1736 1555 1774 Vt
1584 1749 1713 1775 mores

180 1799 436 1849 institutaque
477 1811 776 1850 cognoscamus,
813 1799 1063 1838 exordiemur
1096 1813 1115 1838 a
1148 1801 1443 1852 consuetudine,
1477 1815 1591 1853 quam
1625 1815 1712 1841 cum

181 1863 221 1902 T.
255 1863 468 1915 Pomponio
501 1863 647 1902 habuit.
690 1869 793 1903 totus
827 1866 931 1903 enim
966 1870 1045 1904 erat
1080 1867 1120 1904 in
1155 1878 1198 1905 eo
1233 1866 1472 1918 admirando,
1507 1867 1714 1918 diligendo,

182 1928 385 1979 laudando,
419 1941 506 1967 cum
540 1931 661 1967 uitam
695 1931 779 1968 eius
813 1930 1020 1981 scrihebat7
1053 1937 1092 1969 ut
1128 1933 1257 1970 minor
1291 1933 1328 1969 in
1362 1924 1508 1971 maiore
1543 1928 1712 1985 (Atticus

183 2009 212 2033 a.
244 1991 440 2046 109ss645
474 2000 588 2033 natus
623 1992 737 2049 erat),
770 1995 953 2047 idemque
988 1997 1072 2035 eius
1113 1997 1332 2048 exemplum
1374 1998 1547 2036 imitatus
1581 2012 1599 2035 a
1632 1999 1712 2036 uita

183 2059 336 2111 publica
371 2073 410 2098 se
445 2059 632 2099 abstinuit
667 2067 700 2099 et
738 2066 867 2111 spreta
897 2061 1082 2112 dignitate
1111 2063 1304 2101 senatoria
1326 2064 1447 2109 (plin.
1470 2076 1526 2112 ep.
1554 2064 1583 2100 1'
1607 2063 1645 2104 3.
1667 2065 1711 2111 6)

183 2138 296 2163 omne
337 2131 490 2176 tempus
530 2127 568 2163 in
610 2138 651 2164 re
692 2126 872 2164 familiari
912 2126 1081 2165 curanda
1122 2127 1341 2179 litterisque
1380 2128 1589 2166 tractandis
1623 2142 1712 2167 con-

182 2192 359 2242 sumpsit.
411 2204 486 2241 quo
526 2204 626 2229 anno
665 2197 794 2230 autem
834 2192 932 2230 hanc
973 2194 1183 2231 amicitiam
1228 2195 1417 2244 iunxerit}
1463 2206 1539 2231 non
1581 2194 1713 2245 liquet,

183 2262 288 2294 certe
323 2256 467 2307 aliquot
501 2258 613 2294 annis
646 2262 850 2308 postquam
884 2257 1034 2296 Atticus
1061 2258 1223 2297 Athenis
1250 2258 1411 2297 Romam
1439 2271 1624 2298 reuersus
1655 2265 1715 2298 est,

184 2316 235 2373 (a.
264 2318 471 2375 65s689)‚
518 2334 643 2372 neque
690 2324 793 2361 enim
839 2324 1060 2361 accuratius
1112 2325 1196 2362 eius
1248 2325 1435 2374 temporis
1480 2325 1714 2363 meminerat

185 2388 272 2433 (nil.
295 2388 373 2424 Aa.
396 2387 434 2435 3,
455 2388 512 2433 5).
565 2392 645 2425 tum
673 2400 768 2426 uero
796 2388 946 2426 Atticus
973 2401 1061 2426 eum
1091 2388 1249 2439 dignum
1277 2389 1476 2439 iudicauit,
1504 2390 1567 2440 qui
1597 2391 1711 2428 etiam

186 2451 334 2489 tabulas
367 2453 526 2502 expensi
561 2453 776 2503 inspiceret
803 2454 854 2499 (C.
878 2454 944 2502 13,
967 2454 1079 2502 Osq.)
1106 2453 1368 2505 undecimque
1397 2454 1598 2492 Ciceronis
1633 2456 1712 2505 epi-

185 2516 373 2555 stularum
408 2517 605 2555 uolumina
634 2523 807 2556 ceterum
842 2519 954 2556 anxie
988 2523 1137 2557 secreta
1171 2519 1422 2570 perlustraret
1454 2522 1505 2567 (c.
1535 2520 1601 2558 16.
1634 2519 1712 2558 uid.

190 2582 307 2630 Brief
333 2585 371 2620 ἱη
407 2584 442 2620 d.
470 2587 566 2621 ro‘m.
595 2584 749 2633 Lict.p.
777 2584 831 2621 41
847 2586 961 2632 sqq.)
1019 2584 1205 2623 uersiculi
1250 2597 1387 2635 parum
1428 2586 1574 2636 seuerI‚
1617 2598 1713 2636 quos

187 2646 336 2684 deliciis
375 2646 479 2684 illius
519 2649 656 2685 aetatis
695 2647 905 2686 obsecutus
945 2648 1053 2699 lusit,
1092 2650 1176 2687 eius
1215 2662 1367 2688 morum
1401 2651 1597 2688 sanctitati
1634 2662 1710 2688 non

187 2710 393 2749 obfuerunt
430 2713 552 2757 (Plire.
581 2725 637 2761 ej).
671 2714 701 2749 V
724 2714 761 2761 4,
785 2714 841 2763 (j),
875 2714 993 2751 immo
1019 2714 1103 2764 ipse
1132 2715 1282 2753 Atticus
1309 2727 1397 2753 eum
1431 2714 1607 2753 hortatus
1643 2720 1714 2765 est7

186 2781 226 2813 ut
255 2777 368 2814 etiam
393 2776 438 2814 de
459 2776 506 2815 M.
529 2778 686 2815 Catonis
707 2779 785 2816 uita
808 2783 842 2816 et
866 2778 1040 2816 moribus
1063 2778 1205 2818 lihmm
1227 2780 1372 2818 faceret
1392 2781 1481 2827 (uit.
1503 2780 1585 2818 Cat.
1600 2780 1639 2828 3,
1654 2780 1713 2829 5),
