1842 3133
212 125 268 165 20
698 125 745 161 M.
767 125 980 161 TERENTI
1008 125 1255 161 VARRONIS

354 244 398 276 (c.
422 237 495 277 15.)
536 233 604 268 Per
630 244 674 268 ea
700 235 870 278 tempora
898 246 1051 278 regnum
1079 235 1225 269 finitum
1254 236 1309 269 est
1330 235 1564 280 Argiuorum,
1585 236 1743 271 transla-

259 289 337 320 tum
377 287 423 320 ad
460 287 654 330 Mycenas,
687 288 785 322 unde
824 288 897 321 fuit
929 288 1202 333 Agamemnon,
1243 290 1280 322 et
1306 290 1474 323 exortum
1507 291 1564 323 est
1590 300 1743 335 regnum

260 340 502 381 Laurentum,
533 341 598 374 ubi
625 340 773 374 Saturni
808 341 905 375 filius
932 341 1040 376 Picus
1065 353 1221 385 regnum
1247 341 1388 386 primus
1416 342 1572 386 accepit.
1596 364 1637 367 —
1665 343 1742 377 Iam

258 404 344 438 ergo
370 394 582 438 regnabant
608 394 810 429 Laurentes
837 395 968 438 utique
994 396 1031 429 in
1059 395 1181 438 Italia,
1209 406 1252 430 ex
1279 395 1413 438 quibus
1441 395 1651 431 euidentior
1677 397 1742 430 du-

258 447 354 481 citur
379 447 483 492 origo
505 447 673 482 Romana
700 450 783 492 post
806 448 981 483 Graecos:
1009 451 1046 483 et
1067 451 1193 483 tamen
1220 448 1342 482 adhuc
1368 459 1523 493 regnum
1548 450 1741 493 Assyrium
1763 462 1777 487 5

258 501 513 544 permanebat,
534 501 599 535 ubi
620 503 699 536 erat
719 513 781 536 rex
804 502 1029 537 uicensimus
1051 503 1088 537 et
1107 502 1241 537 tertius
1263 502 1474 546 LampareS,
1497 513 1580 536 eum
1600 503 1740 547 primus

257 554 483 588 Laurentum
510 555 618 589 Picus
652 566 731 589 esse
764 556 958 600 coepisset.
1004 556 1049 591 de
1077 556 1186 590 huius
1213 555 1291 590 Pici
1318 557 1425 600 patre
1452 555 1610 590 Saturno
1636 556 1740 591 uide-

257 608 332 641 rint
368 608 457 651 quid
500 609 665 643 sentiant
700 609 833 643 talium
877 610 1029 644 deorum
1066 609 1242 649 cultores,
1280 609 1343 652 qui
1379 611 1520 654 negant
1554 609 1742 644 hominem

256 661 380 695 fuisse.
405 683 446 686 -—
475 661 547 695 Sed
579 662 671 697 haee
704 663 852 707 poetica
885 664 1083 708 opinentur
1116 674 1196 698 esse
1222 663 1401 707 figmenta
1429 664 1466 696 et
1492 662 1570 697 Pici
1596 665 1741 707 patrem

257 715 408 748 Stereen
434 715 559 759 potius
586 716 701 751 fuisse
722 717 951 759 adseverent,
979 728 1000 751 a
1021 727 1093 761 quo
1113 715 1339 761 peritissimo
1361 715 1526 761 agricola
1546 716 1741 751 inuentum
1764 730 1795 754 10

256 769 391 811 ferunt,
418 772 460 803 ut
486 769 571 803 fimo
599 770 820 804 animalium
847 771 927 816 agri
954 770 1256 813 fecundarentur,
1283 770 1382 813 quod
1413 770 1460 804 ab
1488 769 1566 804 eius
1593 770 1741 804 nomine

256 824 396 857 stercus
424 824 479 857 est
506 823 666 866 dictum3
693 824 792 858 hunc
819 824 971 867 quidam
993 823 1219 858 Stercutium
1245 824 1419 858 uocatum
1446 823 1580 858 ferunt.
1621 823 1741 867 quali-

255 876 319 910 bet
345 878 470 910 autem
497 888 541 911 ex
568 888 681 912 eausa
708 889 792 912 eum
819 878 1019 912 Saturnum
1047 877 1238 922 appellare
1263 876 1464 920 noluerint,
1491 879 1590 912 certe
1616 879 1742 912 tamen

255 929 351 963 hunc
374 930 525 965 Stereen
552 931 630 965 siue
652 931 877 966 Stel-eutium
897 931 1029 965 merito
1051 930 1302 975 agriculturae
1329 930 1497 965 fecerunt
1523 930 1643 965 deum.
1683 931 1742 965 Pi-

255 996 338 1018 cum
371 996 518 1028 quoque
551 985 724 1019 similiter
757 985 835 1019 eius
868 985 986 1019 filium
1016 985 1054 1018 in
1080 984 1215 1018 talium
1242 985 1393 1018 deorum
1420 995 1615 1018 numerum
1642 995 1741 1018 rece·
1763 996 1794 1021 15

256 1040 402 1082 perunt,
430 1049 539 1081 quem
566 1039 800 1083 praeclarum
829 1050 1008 1084 augurem
1036 1041 1072 1073 et
1093 1037 1395 1083 belligeratorem
1416 1037 1531 1071 fuisse
1552 1037 1738 1072 adserunt,

255 1092 364 1126 Picus
392 1092 558 1126 Faunum
586 1093 730 1137 genuit,
756 1094 982 1127 Laurentum
1009 1104 1136 1137 regem
1163 1091 1383 1134 seeundum3
1411 1091 1525 1125 etiam
1552 1091 1622 1125 iste
1650 1091 1740 1126 deus

255 1145 329 1179 illis
356 1146 415 1180 uel
444 1150 500 1180 est
525 1146 586 1180 uel
613 1147 694 1180 fuit.

350 1199 425 1234 Hos
462 1203 548 1234 ante
576 1200 777 1234 Troianum
810 1200 949 1235 bellum
985 1199 1132 1234 diuinos
1159 1199 1317 1233 honores
1344 1198 1499 1233 mortuis
1526 1198 1740 1233 hominibus

255 1253 479 1288 detulerunt.
1761 1265 1794 1288 20

329 1308 402 1352 15.
442 1313 596 1351 Chare's.
622 1313 647 1350 I
664 1325 707 1361 st.
730 1314 786 1350 95)
811 1314 856 1350 K.
903 1312 1080 1363 Olympia
1115 1312 1301 1350 feminino
1336 1322 1480 1360 genere
1515 1309 1622 1348 loeus
1656 1311 1740 1360 ipse

208 1376 363 1428 divitur,
404 1379 617 1416 certamina
655 1391 750 1416 uero
791 1377 1034 1416 neutraliter.
1086 1390 1174 1415 narn
1204 1376 1320 1414 Varro
1361 1377 1413 1413 ait
1447 1398 1501 1401 —
1535 1375 1603 1413 sed
1637 1375 1739 1413 idem

208 1442 253 1481 de
287 1449 403 1493 gente
436 1444 571 1495 populi
602 1443 767 1482 Romani
800 1444 871 1482 111:
905 1443 1033 1482 Ludos
1067 1442 1244 1493 Olympia
1278 1442 1436 1479 fecerat.

329 1506 403 1550 16.
443 1511 598 1548 Charis.
622 1511 708 1559 Is).
733 1511 785 1547 (J'I
810 1511 872 1556 (=
896 1510 1000 1557 137)
1024 1510 1071 1547 Is.
1112 1508 1231 1546 Varro
1266 1507 1311 1545 de
1345 1512 1459 1556 gente
1499 1506 1633 1557 populi
1666 1506 1739 1543 Ro-

207 1577 311 1613 mani
338 1575 407 1614 111:
440 1576 468 1613 Α
503 1587 610 1613 mare
644 1581 778 1626 operta
813 1575 966 1626 oppida,
1000 1587 1070 1626 pro
1104 1588 1123 1612 a
1157 1574 1266 1623 mari,
1299 1577 1342 1610 ut
1370 1572 1492 1610 rel'ert
1518 1571 1678 1610 Plinius.
1760 1586 1792 1610 25

329 1637 429 1682 17²³&
465 1643 632 1690 August.
656 1643 704 1680 de
732 1645 808 1680 ciet.
831 1643 867 1680 (l.
889 1642 1047 1679 XVIII
1070 1641 1126 1678 16
1157 1639 1272 1677 Troia
1298 1649 1394 1676 uero
1428 1649 1565 1675 euersa
1588 1637 1739 1675 excidio

207 1706 271 1745 illo
299 1730 366 1757 —7
400 1706 503 1758 quod
532 1729 586 1733 -—
616 1712 673 1745 est
706 1712 860 1757 gestum
894 1712 1082 1757 regnante
1116 1707 1193 1744 iam
1226 1704 1362 1742 Latino
1399 1702 1522 1741 Fauni
1561 1702 1651 1753 tilio,
1693 1715 1738 1740 ex

206 1785 282 1823 quo
316 1772 545 1811 Latinorum
579 1784 745 1823 regnum
780 1772 855 1810 dici
889 1773 1018 1823 coepit
1045 1772 1364 1820 Laurentumque
1392 1769 1573 1818 cessauit,
1601 1766 1740 1806 Graeci

206 1840 380 1876 uictores
427 1838 592 1876 deletam
632 1838 789 1876 Troiam
836 1838 1106 1888 relinquentes
1152 1842 1189 1875 et
1235 1835 1281 1874 ad
1320 1834 1478 1885 propria
1518 1838 1739 1871 remeantes

207 1904 377 1942 diuersis
416 1910 451 1941 et
492 1903 701 1942 horrendis
741 1903 916 1942 cladibus
957 1903 1158 1941 dilacerati
1198 1909 1312 1952 atque
1354 1899 1512 1938 contriti
1555 1903 1662 1949 Sunt,
1702 1903 1739 1936 et
1759 1913 1793 1937 30

209 1975 336 2008 tamen
386 1971 502 2008 etianl
549 1982 594 2008 ex
641 1971 697 2008 eis
738 1969 900 2007 deorum
940 1981 1101 2007 suorum
1140 1979 1349 2006 numerum
1392 1969 1595 2002 auxerunt.
1648 1976 1735 2001 nani

207 2041 244 2073 et
276 2035 491 2073 Diomeden
531 2036 709 2073 fecerunt
745 2034 878 2085 deum,
911 2047 1027 2086 quein
1061 2046 1185 2085 poena
1219 2033 1408 2071 diuinitus
1442 2031 1615 2079 inrogata
1650 2041 1737 2080 per-

207 2100 343 2139 hibent
376 2100 422 2139 ad
456 2113 547 2139 suos
580 2113 657 2138 non
691 2101 923 2151 reuertisse,
964 2101 1127 2150 eiusque
1167 2100 1293 2137 socios
1327 2098 1365 2135 in
1399 2094 1582 2133 uolucres
1615 2095 1736 2133 fuisse

206 2178 419 2204 conuersos
464 2179 539 2204 non
587 2165 762 2204 sabuloso
808 2167 1040 2216 poeticoque
1080 2164 1301 2214 mendacio,
1340 2160 1408 2199 sed
1447 2160 1632 2198 historica
1672 2159 1736 2198 ad-

207 2233 414 2270 testatione
455 2232 706 2281 confirmant,
746 2230 889 2281 quilius
929 2244 1001 2268 nec
1035 2230 1148 2281 deus,
1180 2236 1224 2268 ut
1256 2233 1410 2280 putant,
1445 2226 1568 2263 sactus
1602 2225 1735 2263 huma·
1756 2239 1790 2265 35

327 2363 389 2397 17.
426 2365 624 2398 (butinam
651 2375 690 2397 er(
719 2376 808 2407 qnae
836 2364 1052 2397 antecedunt
1080 2364 1114 2396 in
1142 2364 1188 2405 fr.
1214 2365 1266 2395 14.
1290 2384 1333 2386 ⁷-—
1363 2363 1418 2396 De
1446 2364 1663 2398 Demaeneto
1689 2364 1734 2406 cf.

209 2412 305 2444 filiu.
331 2423 362 2444 η.
384 2412 416 2444 lt.
448 2412 544 2445 VIII
571 2416 630 2445 δὲ).

327 2550 362 2583 3.
396 2547 637 2584 laurentium
670 2548 724 2584 be
877 2550 912 2584 5.
953 2548 1193 2595 assyriorum
1227 2547 1331 2584 codd.
1355 2550 1511 2593 praeter
1538 2560 1596 2597 99

210 2608 272 2641 10.
307 2609 485 2643 exter-ven
515 2620 539 2653 (s

328 2660 402 2715 15,
428 2668 491 2702 23.
520 2664 594 2713 HI]
623 2667 662 2702 in
684 2666 762 2702 eod.
834 2664 1042 2714 Olympiae
1057 2666 1205 2712 l’opma
1239 2664 1425 2714 Olympia
1445 2665 1618 2702 fecerant
1643 2665 1734 2702 Kmssl

329 2731 403 2786 16,
428 2739 492 2773 24.
527 2737 572 2774 ‹le
605 2740 720 2786 gente
755 2750 789 2785 p.
820 2736 850 2775 r.
885 2737 964 2774 eod.
984 2750 1026 2783 p.
1051 2740 1102 2773 61
1166 2736 1212 2773 de
1251 2744 1348 2785 gene
1388 2736 1455 2773 PR
1487 2737 1564 2774 cod.
1586 2749 1628 2783 J).
1657 2738 1733 2773 137

210 2799 273 2832 243.
309 2800 472 2844 operata
505 2797 582 2833 ancl.
605 2812 646 2843 l».
677 2799 727 2833 61
786 2800 970 2844 separata
1003 2797 1058 2833 ed.
1079 2809 1142 2843 pr.
1164 2809 1204 2843 p.
1236 2799 1286 2832 0¹1
