1842 3133
632 128 669 164 C.
698 128 887 164 PLINIVS
916 127 1164 164 SECVNDVS
1539 130 1661 160 CLVII

136 244 285 281 ratione
318 254 463 280 usurus
497 247 611 292 esset,
645 242 817 292 apertius
852 242 1065 292 proposuit,
1099 253 1214 292 quam
1248 240 1325 278 ullo
1365 240 1438 278 alio
1478 240 1660 291 idemque

135 309 275 346 samam
310 307 355 346 de
389 306 542 345 Nerone
577 306 689 358 paulo
728 312 815 357 post
855 308 939 345 eius
972 312 1136 345 mortem
1178 306 1249 345 sub
1284 306 1429 344 Flauiis
1469 307 1543 344 iam
1577 318 1659 344 ccr-

136 378 212 411 tam
234 385 538 423 expressamque
568 373 687 410 fuisse
716 373 964 422 significauit,
985 371 1024 410 id
1052 372 1153 423 quod
1183 373 1298 410 etiam
1322 372 1476 423 losephi
1504 371 1661 410 iudiciis

135 438 180 476 de
225 437 528 488 imperatorilnis
574 437 681 476 Iuliis
724 443 762 476 et
803 437 975 476 Claudiis
1018 438 1272 475 confirmatur
1318 439 1479 484 (Gesch.
1513 438 1605 476 Lm.
1645 438 1666 475 J

133 504 218 542 397
232 516 314 552 399.
347 504 464 551 319).
529 503 595 542 sed
638 508 759 541 restat
791 504 980 553 quaestio,
1014 516 1088 553 quo
1123 502 1258 541 ordine
1288 516 1353 541 eos
1381 504 1659 541 aestimauerit.

133 581 320 607 uumerus
359 568 455 606 nihil
493 568 600 607 ualet
634 564 742 622 (nam
777 567 938 606 Cluuius
972 573 1009 606 et
1045 567 1191 606 Plinius
1225 568 1327 606 binis
1363 568 1474 619 locis,
1517 568 1659 606 Fabius

133 634 258 672 tribus
291 635 512 673 nominatus
546 630 623 687 est)
658 646 729 672 nec
757 633 901 671 iudicio
930 634 1023 671 satis
1052 633 1251 683 discreuit,
1281 635 1463 684 111101113111
1491 633 1660 672 Plinium

132 704 293 750 propter
333 699 612 738 absurditatem
647 700 716 749 (fr.
745 700 782 749 (5,
823 699 873 748 ef.
902 701 1033 749 (11111),
1080 698 1241 737 Fabium
1287 704 1446 750 propter
1490 701 1659 737 Senecae

133 766 341 803 amicitiam
390 766 631 815 uituperauit
682 768 794 811 (mm.
832 765 904 813 13,
951 765 1006 802 ‘20
1046 766 1095 803 de
1134 766 1253 803 Fabii
1280 765 1334 814 fr.
1370 765 1432 811 1),
1478 764 1659 803 Cluuium

134 830 257 868 solum
294 830 450 881 reliquit
483 831 682 881 intactum,
717 831 768 867 ita
802 835 945 880 tamen,
972 835 1014 868 ut
1048 842 1136 867 eum
1171 842 1328 880 semper
1354 843 1428 867 una
1457 843 1545 868 cum
1574 829 1659 868 aliis

132 896 361 934 nominaret.
414 895 485 933 alia
518 896 638 946 igitur
665 894 838 933 subsidia
866 895 1219 946 circumspicienda
1249 900 1349 934 suut.
1402 900 1516 946 atque
1544 895 1659 933 Fabia

132 960 290 1011 quidem
324 962 577 1010 ([).31)()399.
605 962 723 1012 398),
751 961 854 1011 quod
881 961 1052 1011 Tacitus,
1086 974 1184 1012 quae
1226 962 1322 999 ratio
1362 961 1659 999 consuetudinis

132 1027 236 1065 inter
273 1026 483 1078 Othonem,
522 1026 739 1078 Poppaeam
782 1026 982 1077 Sabinam,
1029 1025 1223 1065 Neronem
1266 1028 1575 1077 intercessisset,
1621 1028 1659 1064 in

133 1091 336 1130 annalibus
388 1093 480 1140 (13,
520 1093 664 1141 4539.)
718 1092 831 1131 aliter
875 1093 1055 1143 exposuit
1100 1097 1215 1143 atque
1261 1093 1481 1130 eommunis
1526 1097 1662 1131 auctor

132 1157 383 1196 historiarum
418 1159 463 1204 (I
485 1159 572 1208 13),
606 1158 781 1196 Suetonii
816 1158 925 1205 (oth.
952 1158 1011 1208 3),
1044 1157 1241 1196 Plutarchi
1276 1159 1410 1205 (Galo.
1440 1158 1526 1208 19),
1566 1171 1659 1209 quo-

132 1223 236 1260 niam
269 1223 374 1261 hunc
405 1223 574 1261 Plinium
610 1223 729 1262 fuisse
762 1223 858 1273 111111,
898 1225 937 1261 111
971 1223 1177 1262 annalibus
1212 1236 1301 1261 eum
1336 1223 1381 1262 de
1416 1225 1542 1274 primo
1576 1223 1659 1261 loco

133 1289 376 1327 auctoritatis
411 1288 615 1328 detrusum
649 1302 735 1327 esse
770 1285 939 1343 suinit.¹)
1004 1295 1042 1327 at
1078 1289 1169 1327 huic
1211 1290 1386 1340 opinioni
1425 1301 1539 1327 omne
1573 1289 1659 1327 sun-

133 1353 357 1393 damentum
390 1356 466 1392 iam
502 1354 745 1393 subtractum
779 1360 848 1393 est.
894 1356 1040 1393 certius
1074 1356 1149 1392 erit
1182 1354 1342 1393 annales
1376 1367 1464 1393 cum
1492 1354 1660 1393 naturali

131 1419 295 1458 historia
336 1432 580 1471 comparare,
631 1433 746 1471 quam
795 1422 899 1459 uiam
942 1419 1140 1459 Detlessen
1179 1423 1201 1459 l.
1234 1433 1263 1459 3.
1287 1433 1331 1470 p.
1359 1422 1415 1459 45
1461 1426 1498 1459 et
1542 1421 1659 1459 Fabia

124 1498 167 1534 p.
195 1485 280 1524 398
313 1487 483 1536 ingressi
516 1490 617 1524 suut.
669 1498 905 1537 quamquam
939 1486 1001 1524 hic
1028 1498 1091 1524 res
1126 1486 1177 1524 113
1212 1498 1253 1524 se
1280 1486 1408 1537 habet,
1441 1491 1484 1525 ut
1511 1486 1659 1524 Plinius

132 1551 316 1589 minutias
349 1563 395 1589 ex
428 1555 563 1589 tenore
596 1552 832 1590 narrationis
866 1556 1070 1602 excerptas
1098 1551 1168 1590 sul)
1197 1564 1266 1590 suo
1294 1564 1438 1602 genere
1466 1552 1560 1590 alias
1588 1552 1658 1591 sub

132 1616 205 1654 alio
251 1617 398 1655 inserat
442 1629 607 1668 raroque
658 1629 729 1668 per
773 1617 994 1668 complures
1048 1618 1253 1655 continuas
1305 1619 1521 1656 sententias
1570 1631 1659 1656 cuni

132 1681 266 1720 Tacito
299 1683 509 1721 concinere
542 1683 677 1734 possit.
740 1682 848 1721 uelut
881 1683 942 1721 1111·
977 1682 1173 1722 Neronem
1207 1684 1245 1720 111
1280 1682 1440 1722 lasciuia
1467 1689 1659 1722 nocturna

134 1745 278 1798 ‘ipsum
311 1760 466 1799 quoque
500 1749 702 1799 excepisse
730 1749 831 1786 ictus
859 1754 897 1787 et
923 1761 989 1787 ore
1018 1746 1266 1800 praetulisse’
1298 1749 1384 1797 (13,
1412 1749 1486 1796 25)
1516 1754 1659 1799 narrat,

164 1892 247 1926 XIV
274 1897 315 1926 51
339 1894 464 1937 plures
495 1895 597 1928 iussu
629 1894 788 1928 Neronis
815 1914 857 1917 —
885 1893 1032 1928 inlitum
1065 1894 1235 1937 palatum
1272 1894 1349 1928 eius
1380 1893 1513 1939 (Burri)
1551 1895 1659 1929 noxio

343 1946 577 1981 medicamine
604 1947 878 1982 adseuerabant.

274 2002 317 2032 59
343 2003 427 2032 sunt
454 2000 518 2043 qui
537 2020 580 2024 —
600 1999 722 2042 ferant
743 2022 796 2034 -.

168 2051 233 2084 XV
260 2054 316 2095 (38
346 2064 429 2086 nam
455 2056 645 2097 utrumque
671 2057 832 2088 auctores
854 2054 1045 2098 prodidere
1073 2054 1131 2099 (de
1157 2054 1330 2088 incendio
1357 2054 1483 2095 urbis).

274 2108 316 2138 41
345 2106 464 2140 Fuere
489 2107 553 2150 qui
578 2107 795 2142 adnotarent
820 2107 879 2151 (de
907 2107 966 2141 die
993 2107 1182 2152 incendii).
1203 2129 1250 2133 —
1275 2109 1345 2142 alii
1369 2120 1407 2143 60
1433 2120 1552 2153 usque
1569 2120 1658 2143 curu

338 2160 522 2204 9110916331
545 2164 641 2201 suut,
668 2165 709 2195 ut
730 2182 771 2184 —
796 2165 989 2195 numerent.

274 2216 316 2245 52
340 2213 502 2256 plerique
527 2213 757 2248 credz'derzou
782 2214 841 2258 (de
870 2214 1012 2248 Pisonis
1040 2214 1320 2259 coniuratione).

274 2269 315 2299 53
343 2270 384 2300 ut
409 2266 478 2299 (ιῖἰί
502 2266 684 2301 tradidere
711 2267 837 2311 (item).

275 2321 317 2351 54
344 2322 383 2352 1ιέ
403 2320 566 2363 plerique
593 2321 774 2354 tradidere
800 2321 927 2364 (item).

276 2374 317 2404 73
347 2371 503 2406 Ceterum
531 2378 690 2416 coeptam
716 2374 949 2418 adultamque
975 2379 1006 2409 et
1034 2377 1202 2409 remotum
1231 2377 1517 2410 coniurationem
1548 2388 1658 2420 neque

343 2429 429 2459 tunc
454 2426 676 2469 dammum-e,
702 2428 832 2471 quibus
857 2440 983 2462 uerum
1008 2429 1181 2463 noscenda·
1211 2440 1300 2463 eura
1325 2434 1413 2471 erat,
1439 2434 1471 2464 et
1493 2431 1659 2471 fatentur

345 2479 408 2522 9111
428 2483 511 2522 post
535 2480 719 2515 interitum
747 2482 907 2516 Neronis
933 2483 972 2516 iu
998 2483 1120 2517 urbem
1145 2484 1297 2527 reyressz'
1320 2487 1414 2517 sunt.

164 2529 247 2564 XVI
299 2534 318 2564 3
348 2531 505 2575 Quidam
530 2534 694 2568 uinctum
720 2533 958 2577 (Caesellium
986 2534 1154 2580 Bassum)
1175 2556 1218 2560 —
1240 2536 1431 2570 tradidere.

299 2587 318 2617 6
348 2596 455 2628 neque
481 2587 574 2619 cutm,
597 2598 774 2621 uenenum
794 2588 1007 2622 crediderim
1028 2589 1087 2632 (de
1107 2590 1224 2622 morte
1246 2589 1468 2634 Poppaeae),
1490 2590 1658 2634 quamuis

345 2638 494 2681 quidumv
518 2641 708 2683 scriptores
734 2641 895 2683 tradunt,
922 2642 1004 2675 odio
1030 2642 1146 2687 11111913
1173 2654 1279 2686 ‘ptam
1305 2654 1349 2676 ea:
1374 2643 1443 2685 side

253 2691 285 2735 1)
310 2690 425 2724 Immo
452 2691 563 2725 facile
589 2692 671 2736 quis
698 2692 819 2727 Taciti
846 2693 1012 2728 futurum
1039 2694 1152 2729 fuisse
1179 2695 1351 2738 6011101111,
1377 2698 1420 2730 ut,
1446 2696 1557 2729 Plinii
1585 2696 1657 2729 dis-

132 2742 362 2787 crepantiam
394 2743 432 2777 in
465 2744 662 2779 annalibus
696 2746 903 2791 adnotaret,
931 2747 961 2780 si
988 2759 1127 2782 memor
1152 2748 1284 2782 fuisset
1310 2749 1482 2793 promissi
1510 2749 1592 2783 XIII
1613 2754 1656 2783 20

132 2795 368 2840 Pliniumque
395 2797 440 2831 de
466 2808 509 2832 ea
536 2809 573 2833 re
600 2798 638 2832 in
664 2798 830 2834 historiis
858 2803 1005 2835 secutus
1033 2804 1137 2836 esset.
1624 2813 1630 2817 ·
