1842 3133
704 106 739 139 (¹.
768 106 935 139 OPPIVS
1470 114 1583 142 LXIII

55 231 142 257 nam
181 223 222 256 ut
261 217 362 268 apud
397 230 484 255 eum
519 229 635 268 opera
670 216 846 255 Suetonii
880 229 966 255 esse
999 218 1124 268 ipsius
1157 224 1460 261 commentarios
1493 236 1583 261 con-

55 290 131 322 stat
158 286 213 330 (u.
238 284 377 322 Hothe'z'
398 283 537 332 praef.
557 295 600 331 J).
624 284 690 331 ct),
724 283 775 320 ita
809 296 827 320 a
863 282 1021 321 Sidonio
1048 284 1211 324 Balbum
1245 288 1283 325 in
1318 290 1442 338 prima
1484 288 1583 326 linea

54 349 143 387 libri
177 350 304 387 octaui
337 348 429 387 belli
457 348 594 386 Gallici
620 359 690 397 pro
718 349 842 386 llirtio
870 349 1061 399 scriptore
1088 349 1342 390 substitutum
1372 366 1458 391 esse
1489 354 1584 391 mihi

55 413 277 465 Nipperdey
317 415 475 460 Oetaeas.
504 414 613 453 Caes.
632 429 676 465 p.
705 416 762 453 36
794 416 1000 465 persuasit.

665 582 703 621 O.
739 581 926 619 OPPIVS
942 577 973 623 s)

958 627 965 634 s

173 687 322 739 Oppius
362 690 537 739 equestri
577 688 660 726 loco
693 693 807 725 natus
840 692 928 737 post
960 700 991 725 a.
1019 684 1200 738 54s7007
1234 690 1333 729 ultra
1368 704 1485 741 quem
1519 705 1583 730 an-

52 766 146 791 num
192 755 276 792 eius
322 755 510 792 memoria
556 766 631 791 non
675 752 868 802 ascendit,
907 753 1160 803 coniungitur
1199 754 1279 792 fere
1325 768 1414 794 cuin
1455 756 1584 807 Balbo,

53 831 221 869 quocum
256 818 433 857 Caesaris
467 818 638 857 absentis
672 831 829 856 causam
862 817 1006 855 Romae
1041 819 1091 856 ita
1121 818 1397 859 administrare
1425 822 1584 873 solebat,

52 889 95 922 ut
133 896 231 935 quae
266 885 581 934 constituissent⁷
620 889 703 922 rata
740 883 797 921 illi
837 888 980 921 essent.
1031 888 1113 921 tum
1147 883 1378 924 Ciceronem
1413 892 1450 925 et
1482 887 1584 926 hello

53 949 161 988 ciuili
200 949 301 1000 apud
341 949 547 988 Caesarem
588 948 763 987 defendit
795 953 833 987 et,
871 961 959 986 cum
993 960 1154 986 reuerso
1189 950 1437 990 familiariter
1474 954 1584 1002 uixit,

52 1020 95 1053 ut
122 1015 287 1053 multum
319 1014 365 1053 ab
392 1027 437 1053 eo
465 1014 739 1053 consuleretur
765 1019 802 1052 et
829 1013 1063 1064 consuleret,
1096 1016 1265 1053 maxime
1292 1022 1380 1067 post
1407 1016 1584 1055 Caesaris

54 1080 224 1131 caedem,
259 1093 346 1118 cum
381 1082 464 1131 ipse
499 1085 631 1131 aperte
666 1080 712 1118 ad
739 1079 998 1118 Octauianum
1025 1081 1233 1118 transisset
1255 1082 1330 1128 (ad
1350 1082 1381 1130 f.
1404 1084 1475 1120 ΧῙ
1497 1084 1583 1133 29),

53 1146 157 1185 idem
192 1158 325 1184 amans
353 1146 537 1184 Varronis
565 1147 640 1192 (ad
661 1146 690 1195 f.
716 1146 782 1184 IX
805 1146 842 1193 6,
865 1146 922 1195 1),
956 1146 1220 1184 amicissimus
1247 1148 1373 1185 Attico
1403 1149 1479 1195 (acl
1504 1150 1583 1188 Ate.

53 1213 163 1251 XVI
183 1213 221 1259 2,
244 1214 301 1259 5).
347 1211 472 1250 Etiam
506 1212 696 1250 intentius
725 1217 853 1249 autem
882 1224 997 1262 quam
1025 1210 1134 1249 Balbi
1162 1211 1381 1250 litterarum
1410 1213 1583 1252 studium

53 1280 92 1316 in
127 1290 172 1316 eo
206 1278 327 1316 fuisse
370 1277 539 1316 uidetur.
573 1290 663 1316 nam
696 1290 772 1315 non
802 1277 927 1315 solum
955 1276 1163 1315 Caesarem
1196 1278 1236 1315 in
1269 1277 1412 1316 litteris
1446 1278 1584 1317 dandis

53 1343 204 1381 adiuuit
232 1344 336 1388 (Cic.
365 1344 420 1381 ad
452 1343 491 1388 ζ).
515 1343 545 1392 f.
575 1344 649 1381 III
670 1344 706 1387 1,
728 1342 773 1390 8)
803 1342 870 1380 sed
904 1344 1020 1380 etiam
1047 1341 1158 1380 libris
1192 1344 1351 1393 scriptis
1386 1345 1470 1382 eius
1504 1344 1584 1382 lau-

54 1408 142 1447 dem
181 1409 303 1458 auxit,
336 1413 379 1446 ut
410 1408 473 1446 1161
506 1408 756 1458 Plutarchus,
791 1409 823 1445 si
858 1407 903 1446 de
938 1407 1116 1445 Caesaris
1147 1410 1283 1446 amicis
1315 1409 1379 1447 uel
1414 1410 1584 1447 inimicis

52 1473 174 1512 uerba
213 1474 369 1523 faceret,
409 1486 559 1512 summa
599 1475 779 1512 cautione
818 1485 916 1524 opus
956 1485 1042 1511 esse
1082 1473 1275 1511 iudicaret
1309 1475 1462 1524 (Pomp.
1499 1475 1584 1525 10),

54 1540 376 1590 continuauitque
414 1540 529 1577 etiam
564 1551 633 1589 pro
667 1544 820 1577 mortuo
855 1551 939 1577 eam
973 1551 1149 1589 operam,
1183 1551 1272 1577 cum
1306 1541 1345 1577 in
1379 1539 1584 1578 Octauiani

53 1606 217 1655 gratiam
252 1603 411 1643 ‘librum
446 1604 581 1643 ederet
614 1617 691 1642 11011
725 1617 810 1642 6556
845 1604 1022 1642 Caesaris
1061 1604 1196 1654 filium,
1230 1617 1346 1655 quem
1381 1604 1584 1656 Cleopatra

55 1667 217 1708 diceret⁷
253 1671 379 1715 (Suel.
402 1671 469 1717 52,
502 1671 569 1720 qui
603 1669 749 1708 addidit
785 1673 902 1718 quasi
924 1673 1052 1718 plane
1092 1669 1324 1717 defensione
1357 1682 1407 1708 ae
1438 1676 1582 1718 patro-

55 1739 162 1775 cim'o
195 1748 262 1773 res
295 1737 461 1784 efferet).
514 1735 704 1773 Antonius
738 1736 843 1773 enim
877 1736 993 1773 etiam
1021 1746 1040 1772 a
1069 1733 1233 1772 Caesare
1265 1746 1354 1772 enm
1382 1734 1582 1785 adgnitum

54 1813 140 1839 esse
169 1802 321 1839 senatui
348 1796 678 1854 311111’111;11161·31.2)
725 1800 931 1838 Praeterea
960 1805 1065 1838 certa
1092 1800 1317 1837 testimonia
1350 1805 1504 1838 exstant
1537 1799 1583 1838 de

53 1868 132 1905 uita
166 1868 310 1917 prioris
337 1866 520 1916 Africani,
554 1867 594 1905 in
627 1879 703 1916 quo
736 1865 836 1904 libro
871 1866 916 1904 de
953 1865 1085 1903 diuina
1121 1866 1204 1903 61115
1238 1866 1389 1915 origine
1426 1870 1583 1904 noctur-

54 1933 193 1983 nisque
240 1944 328 1970 cum
366 1931 457 1970 loue
497 1931 848 1970 consultationilffls
886 1936 1128 1980 narrauerat‚
1166 1936 1211 1968 ut
1248 1930 1311 1968 illa
1352 1932 1582 1969 auctoritate

55 2010 118 2036 res
158 2010 177 2035 a
223 1997 389 2036 Caesare
428 1997 491 2036 uel
530 2002 659 2048 gestas
703 1996 767 2035 uel
807 2002 959 2047 paratas
1004 1997 1115 2047 quasi
1161 1997 1349 2046 sanciret,
1397 1995 1434 2033 id
1480 1996 1582 2047 quod

55 2064 171 2101 etiam
205 2063 300 2101 alios
335 2064 549 2113 scriptores
582 2068 740 2101 conatos
774 2075 860 2101 esse
894 2074 938 2099 ex
967 2061 1069 2099 Liuii
1096 2061 1179 2099 loco
1207 2060 1374 2112 quodam
1401 2061 1486 2108 (38,
1515 2062 1582 2111 56,

56 2129 181 2167 1—3.
209 2130 291 2167 uid.
314 2129 530 2167 Mommsen
559 2129 671 2167 Rom.
695 2129 858 2167 Forsclz.
882 2128 931 2165 II
944 2140 986 2176 p.
1009 2127 1094 2164 502
1114 2129 1189 2175 sq.)
1217 2128 1429 2177 perspexit.
1482 2126 1582 2164 Num

56 2193 197 2243 Cassii,
238 2195 260 2231 i.
290 2207 321 2232 e.
350 2195 434 2232 eius
473 2195 539 2244 qui
574 2193 781 2231 Caesarem
816 2193 1031 2241 interfecit,
1069 2193 1192 2229 uitam
1226 2191 1401 2229 scribere
1440 2203 1582 2242 operae

54 2260 225 2310 pretium
259 2272 345 2297 esse
380 2259 545 2309 duxerit,
571 2263 614 2296 ut
647 2258 808 2297 tradidit
840 2258 1041 2296 Charisius
1069 2257 1139 2306 (fr.
1161 2258 1219 2306 4),
1247 2256 1341 2294 mihi
1374 2255 1581 2294 admodum

176 2404 209 2447 1>
237 2402 276 2436 G.
298 2402 462 2437 Thourel:
494 2404 551 2437 De
579 2404 756 2443 Cicerone,
789 2403 921 2436 Asinio
942 2402 1118 2442 Pollione,
1147 2401 1182 2434 C.
1208 2401 1323 2444 Oppio
1349 2411 1466 2434 'rerum
1497 2401 1581 2435 Cae-

55 2457 287 2491 sasimorum
315 2457 559 2500 scriptoribus.
601 2456 703 2490 Stud.
726 2456 823 2499 Lips.
846 2456 861 2488 Ι
886 2468 920 2499 p.
944 2458 1141 2488 sio—360.

175 2512 208 2553 ⁶2)
236 2509 356 2542 Aliter
383 2509 462 2553 ipse
490 2509 625 2543 Caesar
650 2510 810 2543 testatus
838 2510 933 2548 erat,
966 2507 1085 2541 Nicol.
1114 2507 1283 2540 Damaso.
1311 2506 1353 2540 fr.
1379 2510 1442 2539 101
1475 2518 1503 2540 c.
1527 2511 1582 2549 20,

55 2563 105 2596 ΠΙ
130 2575 164 2607 p.
188 2567 255 2596 440
276 2562 342 2597 M.:
371 2562 405 2596 οὶ
432 2562 497 2605 μὲν
525 2562 593 2606 γὰρ
622 2562 786 2605 ἔφασκον
814 2560 998 2608 βασίλειον
1024 2561 1122 2606 αὐτῷ
1157 2558 1356 2604 ἐγνωκέναι
1391 2559 1583 2603 συμπάσης

56 2622 121 2661 γῆς
153 2617 215 2650 καὶ,
248 2615 433 2659 θαλάττης
460 2615 649 2660 Αἴγυπτον
688 2615 970 2657 ἀποδεικνύναι,
1007 2615 1102 2649 ἔνθα
1128 2613 1299 2658 βασιλίδα
1339 2612 1582 2655 Κλεοπάτραν

57 2671 154 2716 αὐτῷ
187 2671 304 2703 παῖδα
337 2675 455 2704 τεκεῖν
489 2672 613 2711 Κῦρον
645 2668 939 2713 [Καισαρίωναῗ]
967 2666 1198 2711 φοιτήσασαν
1231 2667 1280 2705 εἰς
1314 2665 1446 2708 εὐνήν·
1493 2665 1581 2707 ὅπερ

57 2724 168 2763 αὐτὸς
196 2722 340 2767 ἤλεγξεν
368 2723 407 2757 ἐν
433 2729 512 2763 ταῖς
539 2723 743 2765 διαθήκαις
770 2724 908 2766 ψεῦδος
935 2720 988 2755 ὄν.
1029 2720 1079 2754 Cf.
1103 2720 1148 2753 (le
1173 2719 1244 2754 hae
1265 2730 1302 2753 re
1322 2721 1401 2753 tum
1423 2719 1580 2753 multum

56 2777 147 2811 trita
172 2777 364 2810 Drumann
391 2776 425 2810 h.
447 2776 488 2810 R.
512 2776 560 2809 HI
585 2788 619 2820 p.
643 2779 710 2809 764
725 2788 778 2819 sq.
