1842 3133
188 110 462 140 CLXXXXVIII
516 108 575 142 DE
604 108 910 143 SCRIPTORVM
938 110 1061 144 VITIS
1089 111 1148 144 ET
1178 110 1385 145 SCRJPTIS

183 233 378 271 quemque
413 222 650 270 nominasse,
684 226 722 258 ut
760 220 960 269 diligentia
989 234 1056 259 sua
1085 221 1358 274 gloriarentur,
1392 228 1550 274 praeter
1575 226 1713 264 Onesi-

184 298 307 336 mum,
348 287 459 324 cuius
499 285 658 336 quidem
703 287 891 324 memoria
937 287 1053 325 etiam
1099 287 1201 338 apud
1241 288 1402 327 Suidam
1446 294 1601 328 seruata
1644 295 1714 341 est,

181 363 338 401 eosque,
371 356 410 389 ut
448 353 563 389 etiam
599 350 714 390 tidem
749 350 944 402 quandam
979 357 1179 402 praestare
1220 353 1463 405 uiderentur,
1496 354 1712 406 elegerunt,

181 417 245 466 qui
299 416 433 467 rebus,
479 429 576 467 quas
628 416 915 467 describerent,
960 418 1129 456 maxime
1178 418 1359 470 aequales
1411 425 1560 472 essent3
1605 420 1716 460 uelut

181 481 382 520 Maeonius
409 482 600 533 Astyanax
635 482 798 521 consilio
826 495 857 520 a.
880 480 978 533 267,
1012 484 1123 521 vuius
1151 485 1349 523 orationes
1380 485 1603 537 rettulerat,
1630 487 1715 538 ipse

182 548 376 597 interfuit,
422 546 607 586 Claudius
652 547 912 598 Eusthenius,
958 549 1025 599 qui
1071 548 1117 587 de
1162 551 1255 588 uitis
1304 551 1428 601 ipsius
1473 550 1715 603 Diocletiani,

180 612 422 663 Maximiani,
468 612 631 664 Galerii,
677 614 894 652 Constantii
941 615 1100 665 citatur,
1141 612 1396 654 ‘Diocletiano
1442 615 1488 654 ab
1535 617 1714 668 epistulis

182 676 281 727 tuilf,
315 683 430 729 atque
465 678 567 729 quod
607 679 817 717 intercedit
851 681 1039 730 temporis
1075 681 1242 730 spatium
1271 682 1375 719 inter
1395 681 1616 733 Vopiscum,
1649 684 1716 734 qui

181 744 282 781 nitas
316 756 406 782 suas
441 746 599 795 scripsit
633 758 664 783 a.
692 742 940 796 305—311,
973 751 1012 784 et
1044 745 1247 785 Aurelium
1281 746 1495 799 Festiuum,
1528 747 1714 787 libertum

181 808 393 860 Aureliani,
434 811 500 860 qui
541 809 586 848 de
627 810 758 848 Firmo
800 817 962 861 tyranno
998 812 1151 861 citatur,
1189 811 1419 851 Suetonium
1453 812 1716 864 Optatianum,

181 875 246 924 qui
282 873 328 913 de
361 876 441 913 uita
475 874 611 926 Taciti,
645 875 807 914 Fabium
842 876 1117 927 Cel-yllianum,
1151 878 1218 928 qui
1258 877 1304 916 de
1336 878 1582 930 temporibus
1615 878 1716 929 Cari,

182 941 325 989 Carini,
360 939 601 991 Numeriani,
635 946 711 979 tam
755 946 962 991 angustum
1001 947 1070 992 est,
1109 947 1151 980 ut
1191 943 1307 982 etiam
1344 945 1466 983 ceteri
1499 945 1716 995 scriptores

182 1004 229 1043 ad
263 1007 368 1056 ipsas
401 1005 487 1043 illas
520 1018 583 1044 res
611 1006 873 1045 retrahantur.

300 1071 417 1122 Atqui
461 1076 498 1110 et
542 1071 783 1110 Trebellium
826 1078 864 1111 et
903 1072 1131 1124 Vopiscum,
1177 1075 1249 1112 etsi
1295 1085 1411 1126 saepe
1457 1074 1503 1113 de
1549 1076 1717 1114 ueritate

182 1137 369 1175 historiae
405 1136 737 1188 declamauerunt,
771 1151 858 1177 cum
892 1139 963 1177 toti
996 1140 1034 1177 in
1073 1138 1336 1178 adulationem
1376 1139 1717 1192 laudationemque

182 1204 465 1253 imperatorum
505 1202 619 1241 effusi
659 1209 809 1254 essent,
848 1205 966 1243 etiam
1008 1217 1074 1243 eos
1113 1210 1311 1256 auctores,
1351 1206 1418 1256 qui
1451 1218 1543 1244 suae
1577 1218 1717 1245 causae

183 1268 397 1318 seruirent,
438 1280 515 1306 non
555 1268 681 1307 solum
721 1270 761 1307 in
800 1282 873 1308 usu
914 1269 982 1308 sed
1022 1271 1138 1309 etiam
1178 1272 1217 1309 in
1257 1272 1442 1310 citatione
1484 1271 1718 1322 praetulisse

184 1345 253 1384 per
286 1345 326 1371 se
360 1333 560 1384 probabile
595 1339 655 1373 est
681 1336 782 1381 (uid.
805 1336 882 1375 Die
909 1336 1056 1385 Ser-2201.
1083 1338 1119 1374 h.
1143 1337 1188 1375 Α.
1207 1349 1251 1386 p.
1274 1337 1300 1375 5
1325 1338 1441 1387 amp),
1475 1336 1593 1388 idque
1627 1349 1717 1376 con-

184 1400 363 1437 firmatur
396 1398 514 1437 rebus
548 1399 594 1437 ad
629 1412 765 1439 eorum
804 1402 1077 1440 auctoritatem
1114 1401 1260 1440 relatis.
1313 1414 1402 1440 nam
1437 1414 1524 1440 cum
1558 1402 1718 1442 Trebel-

183 1464 257 1503 lius
296 1470 457 1515 propter
490 1464 709 1504 Constantii
748 1467 923 1505 fauorem
963 1468 1241 1518 imperatorem
1274 1467 1479 1506 Claudium
1519 1472 1561 1506 ut
1593 1480 1715 1507 unum

184 1542 229 1568 ex
269 1531 353 1568 eius
394 1530 607 1569 maioribus
646 1531 780 1570 uerbis
821 1533 902 1571 suis
936 1534 974 1571 in
1009 1532 1159 1571 caelum
1196 1532 1362 1583 tolleret,
1396 1533 1644 1585 sequebatur,
1676 1539 1720 1572 ut

184 1600 222 1634 et
255 1594 492 1646 Gallienum,
533 1597 595 1634 cui
635 1602 898 1648 successerat,
938 1610 1015 1636 non
1057 1600 1187 1637 minus
1227 1598 1467 1650 deprimeret
1506 1604 1621 1650 atque
1660 1601 1717 1637 in-

184 1661 347 1699 famaret
387 1666 424 1699 et
464 1667 735 1713 tyrannorum,
776 1665 843 1714 qui
883 1669 1017 1702 contra
1058 1676 1147 1702 eum
1190 1665 1402 1715 imperium
1445 1665 1718 1716 arripuissent,

183 1727 352 1765 uirtutes
386 1732 423 1764 et
456 1726 594 1765 laudes
628 1728 885 1778 praedicaret.
932 1729 1131 1768 abundant
1164 1729 1433 1781 exemplorum
1466 1730 1718 1769 multitudine

185 1793 270 1831 eius
305 1793 429 1843 ipsius
462 1794 584 1843 uitae,
618 1793 687 1832 sed
720 1795 797 1832 iam
829 1794 1026 1833 Palfurius
1060 1796 1176 1846 Sura,
1210 1793 1294 1846 equi
1327 1795 1599 1846 ephemeridas
1633 1796 1719 1835 Gal-

185 1857 277 1896 lieni
316 1859 421 1896 uitae
462 1857 709 1910 composuit',
750 1859 796 1898 ad
836 1872 952 1911 quem
992 1862 1059 1912 qui
1099 1858 1269 1900 ‘cuncta’
1312 1860 1359 1899 de
1398 1873 1442 1899 eo
1482 1862 1585 1900 scire
1624 1862 1721 1900 uelit

187 1923 349 1973 relegat,
390 1929 595 1974 postquam
637 1924 682 1963 de
723 1925 898 1964 moribus
938 1927 1023 1965 eius
1062 1925 1209 1977 largam
1247 1928 1399 1978 copiam
1433 1939 1566 1966 rerum
1600 1928 1718 1966 friuo-

185 1988 310 2027 larum
339 1994 376 2027 et
402 1989 648 2040 uoluptatum
670 1992 837 2030 inseruit
860 1992 947 2042 (16,
972 1992 1126 2041 1—18,
1148 1993 1205 2041 5),
1227 1993 1312 2031 eius
1334 1993 1457 2031 famae
1479 1992 1719 2032 obtrectasse

185 2053 356 2105 uidetur,
390 2060 524 2093 contra
558 2055 759 2095 Maeonius
790 2057 980 2108 Astyanax
1015 2057 1256 2096 Macrianum
1289 2059 1453 2109 eiusque
1486 2057 1599 2109 filios,
1626 2058 1719 2097 Cor-

185 2119 314 2158 nelius
354 2119 597 2171 Capitolinus
637 2121 855 2161 Odenatum
899 2122 1188 2175 Zenobiamque
1234 2122 1479 2174 laudauerat,
1524 2123 1720 2175 Dagellius

188 2186 336 2224 Fuscus
363 2185 564 2225 Tetricum
592 2188 801 2239 iuniorem,
828 2188 1039 2228 Aureolum
1068 2188 1199 2228 Gallus
1226 2189 1441 2241 Antipater,
1463 2202 1482 2228 a
1509 2202 1585 2241 quo
1615 2189 1719 2241 quod

187 2251 409 2290 Trebellius
438 2251 617 2303 discedit,
650 2253 714 2291 hic
742 2258 930 2305 tyrannus
957 2253 1003 2292 ab
1031 2255 1116 2306 ipso
1144 2254 1305 2293 Claudio
1338 2267 1550 2306 oppressus
1584 2260 1653 2294 est.

307 2317 497 2355 Similiter
523 2318 711 2369 Vopiscus
744 2319 811 2357 ubi
838 2319 1093 2358 Aurelianum
1126 2319 1267 2371 laudat,
1294 2333 1340 2359 ex
1369 2320 1574 2360 Callicrate
1601 2321 1718 2371 Tyrio

187 2383 333 2432 omina,
374 2383 517 2433 quibus
556 2385 590 2421 ei
631 2386 840 2436 imperium
880 2385 1199 2436 portenderetur,
1239 2398 1284 2425 ex
1324 2385 1526 2436 Theoclio,
1571 2386 1719 2426 Graeco

189 2449 395 2499 scriptore,
428 2461 569 2487 uersus
603 2450 804 2501 militares,
839 2450 981 2501 quibus
1016 2452 1100 2489 eius
1135 2451 1321 2490 tortitudo
1361 2451 1639 2503 celebraretur,
1673 2465 1716 2491 ex

189 2512 424 2551 Nicomacho
466 2514 658 2553 Zenobiae
700 2516 924 2567 epistulam,
965 2529 1039 2567 qua
1079 2518 1163 2555 eius
1200 2517 1384 2569 superbia
1417 2518 1719 2569 significaretur,

191 2579 227 2615 in
268 2591 358 2616 suas
398 2580 499 2617 uitas
539 2581 755 2631 transtulit,
796 2594 892 2632 quos
933 2594 976 2620 ex
1018 2582 1088 2620 hac
1128 2584 1313 2621 societate
1352 2589 1514 2634 propter
1555 2583 1717 2622 eandem

192 2645 381 2681 rationem
416 2657 478 2682 res
507 2645 756 2685 describendi
791 2647 999 2686 excludere
1035 2648 1152 2698 nolui,
1186 2661 1232 2686 ex
1259 2648 1416 2687 Aurelio
1443 2648 1614 2699 Festino,
1647 2650 1718 2687 im-

189 2710 382 2758 peratoris
416 2709 566 2760 liberto,
601 2724 723 2762 nugas
758 2711 803 2751 de
837 2712 966 2751 Firmo
1001 2719 1164 2764 tyranno
1198 2713 1243 2752 ab
1277 2726 1321 2753 eo
1354 2715 1471 2763 uicto,
1504 2718 1638 2752 contra
1671 2714 1717 2752 ad

191 2773 344 2811 laudeni
374 2774 502 2825 Probi,
530 2776 632 2826 quod
659 2782 699 2815 ut
729 2778 928 2829 exemplar
954 2780 1112 2817 uirtutis
1140 2780 1415 2830 imperatoriae
1442 2778 1718 2818 illustrandum
