1842 3133
218 115 268 157 18
700 113 747 150 M.
769 113 829 148 TE
838 113 982 148 RENTI
1007 113 1252 149 VARRONIS

261 223 472 268 Neptunus,
501 234 546 256 nc
573 222 611 256 di
640 224 875 264 accusentur,
910 222 974 256 sed
1007 221 1127 266 poetis
1159 223 1197 256 et
1228 221 1385 256 theatris
1418 222 1492 257 ista
1525 223 1752 258 tribuantur.

262 280 304 311 ut
329 277 378 310 sit
403 276 501 310 unde
534 275 740 320 placentur.

357 328 591 364 Erichthonii
615 329 714 373 regis
740 328 1027 363 Atheniensium
1047 350 1092 354 -—
1117 329 1302 363 Vulcanus
1327 331 1364 364 et
1383 329 1555 365 Minerua
1575 333 1753 375 parentes

263 385 376 418 fuisse
398 383 581 417 dicuntur.
620 382 683 416 sed
706 382 883 427 quoniam
897 382 1105 417 Mineruam
1126 383 1312 427 uirginem
1332 383 1474 426 uolunt,
1496 383 1533 417 in
1555 383 1748 418 amborum

263 437 498 472 contentione
513 436 724 470 Vulcanum
739 438 963 470 commotum
979 435 1153 470 effudisse
1169 436 1276 470 aiunt
1290 447 1415 471 semen
1429 437 1468 471 in
1482 438 1621 471 terram
1636 439 1748 481 atque
1769 450 1785 475 5

263 491 348 524 inde
370 490 512 524 homini
534 492 622 524 nato
650 489 696 524 ob
723 500 806 524 eam
833 501 984 524 causam
1011 489 1087 524 tale
1107 489 1269 524 inditum
1290 501 1434 524 nomen.
1483 490 1625 525 Graeca
1652 491 1750 525 enim

263 545 393 589 lingua
421 543 495 586 ἔρις
522 543 724 585 contentio,
751 544 855 588 χθών
882 544 981 577 terra
1008 545 1075 586 cst,
1103 553 1147 577 ex
1174 543 1310 587 quibus
1337 543 1481 578 duobus
1503 544 1750 588 compositum

263 597 488 632 uocabulum
521 599 578 631 est
612 597 885 631 Erichthonius.
931 608 1078 639 uerum,
1112 597 1212 641 quod
1244 597 1439 631 fatendum
1466 599 1539 642 est,
1574 597 1752 632 refellunt

263 655 299 686 et
326 664 346 685 a
374 650 450 684 suis
478 650 550 684 diis
577 650 764 695 repellunt
791 650 864 685 ista
886 650 1081 692 doctiores,
1104 650 1167 693 qui
1188 651 1285 685 hanc
1307 650 1520 695 opinionem
1540 650 1750 685 fabulosam

262 705 349 739 hinc
372 707 539 738 exortam
559 704 696 747 ferunt,
723 704 813 748 quia
834 704 872 738 in
892 703 1033 748 templo
1050 703 1207 738 Vulcani
1229 706 1266 738 et
1285 704 1488 747 Mineruae,
1516 705 1616 748 quod
1643 705 1752 739 ambo

263 771 379 793 unum
412 758 606 792 habebant
632 757 808 800 Athenis,
835 758 1026 802 expositus
1060 757 1235 792 inuentus
1262 760 1318 792 est
1344 769 1435 802 puer
1462 758 1621 792 dracone
1648 758 1753 792 inuo-

264 812 382 855 lutus,
415 812 479 855 qui
513 822 596 846 eum
631 811 861 857 significauit
892 822 1070 857 magnum
1103 811 1270 845 futurum
1304 814 1341 846 et
1372 814 1524 856 propter
1560 822 1754 846 commune

264 866 457 911 templum,
486 876 569 899 curn
597 868 720 900 essent
744 866 919 909 parentes
947 865 1026 899 eius
1052 865 1183 910 ignoti,
1210 865 1370 900 Vulcani
1397 867 1434 899 et
1460 865 1651 900 Mineruae
1678 865 1754 900 dic-

263 924 343 954 tum
376 930 455 953 esse
492 918 628 962 filium,
660 918 822 953 nominis
856 920 982 952 tamen
1017 918 1095 953 eius
1135 919 1317 963 originem
1356 918 1486 953 fabula
1523 918 1590 953 illa
1628 920 1753 964 potius

263 984 376 1017 quam
402 973 477 1007 ista
504 973 679 1017 designat
705 972 872 1006 historia.
896 993 938 997 —
967 984 993 1007 c.
1018 975 1072 1006 13.
1102 972 1169 1006 His
1190 972 1420 1017 temporibus
1442 973 1542 1018 [post
1563 973 1751 1008 Erichtho-

263 1028 382 1073 11111111]
404 1026 557 1061 fabulae
577 1026 685 1060 fictae
713 1028 800 1060 sunt
827 1026 871 1060 de
893 1025 1134 1070 Triptolemo,
1163 1026 1262 1069 quod
1289 1026 1440 1060 iubente
1468 1025 1597 1061 Cerere
1623 1027 1754 1071 angui—

263 1082 331 1115 bus
358 1082 528 1125 portatus
556 1079 711 1114 alitibus
738 1079 996 1124 indigentibus
1016 1079 1125 1113 terris
1146 1079 1333 1114 frumenta
1354 1079 1516 1114 uolando
1538 1080 1753 1119 contulerit3

264 1135 309 1169 de
330 1135 557 1176 Minotauro,
584 1133 684 1177 quod
704 1133 828 1168 bestia
850 1133 965 1167 fuerit
984 1133 1130 1167 inclusa
1150 1133 1394 1177 Labyrintho,
1416 1144 1488 1177 quo
1517 1144 1599 1167 cum
1620 1133 1754 1168 intras-

264 1191 347 1223 sent
379 1188 565 1230 homines,
599 1187 851 1222 inextricabili
879 1197 1001 1221 errore
1027 1187 1114 1221 inde
1142 1186 1241 1221 exire
1267 1198 1341 1221 non
1367 1188 1558 1232 poterant3
1592 1187 1637 1221 de
1665 1186 1753 1222 Cen-

264 1242 394 1286 tauris,
421 1241 521 1286 quod
549 1252 729 1285 equorum
755 1241 1023 1284 hominumque
1050 1240 1164 1274 fuerit
1190 1242 1325 1274 natura
1352 1239 1567 1283 coniuncta3
1599 1241 1644 1275 de
1671 1240 1754 1276 Cer-

264 1296 364 1339 bero,
385 1296 486 1340 quod
507 1295 556 1329 sit
576 1295 715 1339 triceps
736 1294 939 1329 inferorum
960 1294 1082 1337 canis,
1104 1294 1148 1328 de
1168 1293 1315 1338 Phryxo
1337 1296 1375 1328 et
1394 1293 1500 1328 Helle
1522 1294 1600 1328 eius
1621 1305 1755 1337 sorore,

264 1350 365 1393 quod
391 1349 491 1384 uecti
518 1349 634 1382 ariete
661 1348 892 1391 uolauerint3
920 1348 965 1382 de
987 1347 1170 1392 Gorgone,
1198 1348 1297 1392 quod
1318 1347 1432 1382 fuerit
1452 1348 1587 1382 crinita
1608 1358 1755 1393 serpen-

264 1404 365 1438 tibus
399 1405 437 1437 et
469 1402 694 1447 aspicientes
722 1402 966 1436 conuertebat
992 1401 1031 1435 in
1056 1401 1220 1446 lapides3
1255 1401 1300 1435 de
1326 1401 1628 1445 Bellerophonte,
1655 1402 1755 1445 quod

265 1468 360 1501 equo
393 1455 526 1501 pennis
558 1455 713 1490 uolante
747 1455 795 1490 sit
827 1458 973 1497 uectus,
1007 1455 1071 1499 qui
1104 1466 1220 1499 equus
1252 1454 1418 1500 Pegasus
1445 1455 1566 1489 dictus
1603 1456 1674 1498 est3
1709 1455 1754 1490 de

266 1511 493 1556 Amphione,
533 1510 633 1554 quod
666 1509 833 1544 citharae
864 1508 1052 1543 suauitate
1084 1508 1230 1553 lapides
1263 1508 1434 1543 mulserit
1466 1510 1503 1542 et
1533 1509 1753 1551 adtraxerit3

266 1565 312 1599 de
338 1564 444 1598 fabro
465 1563 633 1601 Daedalo
661 1564 698 1597 et
724 1563 803 1597 eius
829 1563 933 1597 Icaro
961 1561 1049 1605 filio,
1077 1562 1179 1607 quod
1200 1561 1272 1596 sibi
1294 1562 1479 1607 coaptatis
1499 1562 1631 1607 pennis
1652 1562 1754 1596 uola-

264 1619 406 1659 uerint;
439 1618 484 1652 de
512 1617 666 1661 Oedipo,
693 1617 794 1660 quod
820 1618 1027 1651 monstrum
1053 1616 1254 1660 quoddam,
1282 1626 1378 1659 quae
1406 1615 1574 1661 Sphinga
1604 1615 1754 1650 diceba-

264 1675 336 1716 tur,
356 1672 519 1706 humana
545 1671 641 1705 facie
668 1670 959 1715 quadrupedem,
987 1669 1109 1704 soluta
1135 1680 1230 1714 quae
1257 1669 1304 1703 ab
1333 1669 1399 1703 illa
1426 1669 1584 1714 proponi
1616 1669 1752 1704 soleret

264 1726 371 1760 uelut
408 1724 602 1760 insolubili
640 1724 860 1768 quaestione
906 1735 971 1758 suo
1016 1723 1239 1768 praecipitio
1278 1723 1398 1768 perire
1437 1723 1663 1768 conpulerit,
1709 1723 1755 1757 de

266 1781 428 1822 Antaeo,
468 1789 579 1822 quem
610 1778 763 1812 necauit
793 1776 990 1820 Hercules,
1024 1777 1124 1821 quod
1157 1776 1254 1810 filius
1286 1778 1408 1811 terrae
1440 1776 1569 1819 fuerit,
1602 1778 1756 1821 propter

266 1833 366 1877 quod
393 1833 529 1867 cadens
556 1832 593 1865 in
620 1832 757 1866 terram
784 1831 916 1865 fortior
942 1830 1075 1866 soleret
1103 1830 1316 1875 adsurgere,
1344 1832 1382 1865 et
1408 1830 1438 1864 si
1465 1841 1540 1874 qua
1559 1830 1654 1864 forte
1676 1830 1752 1864 alia

266 1886 512 1932 praetermisi.

342 1941 415 1984 14.
450 1947 618 1993 Anqust.
641 1946 677 1982 d.
699 1947 776 1982 eiu.
800 1945 835 1982 cl.
850 1944 1009 1982 XVIII
1031 1944 1087 1981 13
1120 1942 1199 1981 Hae
1223 1942 1373 1981 fabulae
1394 1941 1539 1980 bellum
1561 1941 1607 1979 ad
1630 1954 1754 1992 usque

219 2012 444 2061 Troianum,
477 2009 544 2048 ubi
578 2009 794 2047 secuudum
830 2008 973 2047 librum
1007 2008 1160 2047 Marcus
1189 2008 1307 2045 varro
1342 2007 1388 2045 de
1421 2006 1555 2058 populi
1589 2006 1754 2045 Romani

341 2130 371 2159 3.
397 2126 450 2168 Cf.
467 2126 638 2160 Laetmzft.
661 2126 744 2158 inst.
759 2125 785 2157 J
801 2127 858 2166 17,
873 2127 920 2158 12
947 2123 1036 2157 Cum
1050 2122 1239 2157 Vulcanus
1260 2121 1332 2155 diis
1354 2132 1456 2155 arma
1476 2120 1625 2155 fecisset
1646 2120 1753 2165 eique

224 2173 391 2219 Iuppiter
412 2172 600 2217 optionem
629 2171 794 2206 dedisset
819 2170 975 2216 praemii
1003 2170 1102 2214 quod
1128 2169 1244 2203 uellet
1268 2168 1483 2214 postulandi
1509 2169 1753 2212 iurassetque,

222 2225 265 2255 ut
291 2221 448 2263 solebat,
474 2231 539 2264 per
565 2219 748 2254 infernam
775 2219 952 2263 paludem
979 2229 1016 2252 se
1044 2217 1137 2251 nihil
1158 2219 1390 2262 negaturum,
1417 2218 1495 2250 tum
1523 2215 1627 2250 faber
1654 2215 1752 2250 clau-

225 2270 292 2302 dus
327 2268 518 2302 Mineruae
558 2266 708 2311 nuptias
747 2265 964 2311 postulauit.
1012 2265 1071 2299 hic
1104 2265 1271 2309 Iuppiter
1304 2275 1401 2299 0,111.
1432 2265 1538 2297 tanta
1573 2263 1753 2308 religione

224 2316 445 2351 constrictus
486 2315 648 2349 abnuere
687 2325 760 2348 11011
792 2313 933 2358 potuit,
966 2313 1173 2347 Mineruam
1206 2314 1332 2345 tamen
1367 2311 1513 2345 monuit
1546 2322 1753 2355 repugnare

224 2363 521 2408 pudicitiamque
544 2362 753 2397 defendere,
786 2366 865 2395 tum
886 2361 923 2395 in
944 2360 1010 2394 illa
1032 2359 1307 2395 conluctatione
1330 2359 1537 2393 Vulcanum
1559 2358 1596 2391 in
1617 2360 1753 2392 terrain

224 2411 434 2456 profudisse
462 2410 578 2451 aiunt,
606 2410 703 2443 unde
731 2409 779 2443 sit
805 2408 1068 2443 Erichthonius
1101 2410 1222 2448 natus,
1256 2406 1368 2449 idque
1398 2405 1454 2440 illi
1484 2417 1618 2440 nomen
1650 2405 1753 2450 inpo-

224 2459 336 2493 situm
364 2459 438 2492 ὰπὸ
465 2463 528 2502 τῆς
554 2457 673 2500 ἔριδος
699 2458 762 2491 καὶ
789 2456 938 2501 χθονός,
965 2455 1002 2489 1(1
1027 2458 1083 2489 est
1103 2465 1145 2488 ex
1168 2454 1370 2488 certamine
1392 2457 1505 2497 atque
1525 2453 1647 2488 humo.

347 2511 398 2539 15.
429 2507 532 2540 Haec
552 2506 601 2539 ad
624 2506 821 2539 Varronem
844 2503 1031 2547 referenda
1051 2515 1122 2537 esse
1137 2503 1250 2537 Friclc
1266 2514 1304 2546 p.
1322 2505 1365 2535 31
1387 2505 1515 2546 naqa&
1541 2501 1753 2546 tlteol‹)yiam

225 2559 343 2588 tamen
370 2555 446 2587 cius
471 2554 631 2597 sapiunt.

345 2667 380 2702 3.
415 2665 550 2702 erictli.
585 2676 644 2712 eq
799 2666 833 2701 7.
867 2664 985 2702 cthon
1015 2675 1104 2714 θρα
1167 2663 1285 2700 ethon
1313 2673 1340 2710 p
1404 2674 1444 2698 ce
1471 2661 1567 2698 thon
1593 2676 1617 2697 cc

228 2727 293 2763 25.
327 2724 523 2773 anphione
558 2736 613 2772 ey
749 2726 814 2761 27.
848 2723 1015 2772 oedippo
1049 2735 1135 2770 egyp
1271 2723 1335 2759 28.
1369 2720 1470 2758 solet
1498 2731 1591 2768 {spa
1654 2719 1752 2756 sole-

225 2785 291 2821 bat
325 2797 383 2832 (etp
414 2785 519 2831 mally.
643 2786 709 2821 30.
744 2783 887 2821 anthco
922 2795 975 2829 el!
1098 2781 1267 2819 herculis
1298 2792 1325 2827 y

1774 718 1807 742 10

1774 984 1807 1009 15

1774 1250 1809 1276 20

1775 1517 1808 1543 25

1775 1785 1809 1810 30
