1842 3133
769 118 913 152 VITAE
1527 115 1605 154 139

82 230 231 269 Cordus
274 230 435 268 ridicule
476 243 517 267 at·
562 229 678 267 stulte
718 219 933 280 composuit
982 229 1026 267 ‹le
1073 227 1339 278 uoluptatilms
1383 227 1608 265 domesticis

82 297 303 346 ceterisque
344 296 488 333 intimis
530 294 658 333 rebus.
710 307 808 345 quae
843 296 908 345 qui
941 294 1034 332 uelit
1072 295 1185 342 scire,
1219 294 1346 344 ipsum
1382 292 1483 343 legat
1516 292 1607 329 (jor-

83 361 185 411 dum,
225 362 290 412 qui
332 360 437 410 dicit,
478 366 512 398 et
554 373 651 411 quos
691 372 826 398 seruos
866 359 1047 398 habuerit
1081 360 1351 409 unusquisque
1386 358 1608 408 principum

82 432 119 465 et
152 439 249 477 quos
282 427 427 464 amicos
462 431 496 463 et
532 430 627 476 quot
660 425 846 476 paenulas
879 430 1023 475 quotue
1056 424 1263 474 clamydes,
1297 435 1463 474 quorum
1492 423 1608 461 etiam

46 509 60 533 5
82 493 244 530 scientia
285 491 380 530 nulli
420 493 476 529 rei
517 490 685 542 prodest,
719 492 751 528 si
785 490 941 541 quidem
977 502 1018 528 ca
1055 489 1217 528 debeant
1253 490 1292 527 in
1326 489 1485 527 historia
1519 489 1609 539 poni

82 557 128 595 al)
162 557 456 607 historiogratis,
490 570 588 607 quae
622 562 687 594 aut
720 555 902 607 fugienda
936 557 1014 594 sint
1046 560 1111 594 aut
1144 554 1354 606 sequenda.
1637 594 1704 623 ⁰315

204 619 278 663 19.
314 623 425 661 Max.
454 628 491 662 et
523 624 629 661 Ball).
658 623 695 670 4,
724 622 746 659 I
783 621 911 659 Prima
945 622 1066 671 igitur
1099 620 1235 658 relatio
1270 621 1492 671 principum
1527 620 1610 670 suit,
1639 615 1700 683 {151

83 694 125 727 ut
165 688 238 727 duo
278 688 465 727 Gordiani
505 688 584 725 diui
624 686 925 738 appellarentur.
984 686 1103 737 aliqui
1143 691 1270 724 autem
1310 698 1431 724 unum
1474 689 1608 735 putant

84 754 329 805 appellatum,
364 755 559 792 seniorem
594 752 790 803 uidelicet,
823 752 892 790 sed
920 764 990 802 ego
1018 751 1140 802 libris,
1174 764 1272 802 quos
1298 751 1434 789 Iunius
1461 750 1611 789 Cordus

34 835 63 859 ιο
84 820 228 858 all'atim
262 820 431 870 scripsit,
466 818 608 869 legisse
642 819 805 856 memini
838 817 972 855 ambos
1004 818 1044 855 in
1079 816 1170 855 deos
1204 816 1358 866 relatos,
1387 817 1419 854 si
1452 815 1610 867 quidem

85 886 216 923 senior
249 884 384 935 laqueo
418 885 538 922 uitam
573 885 713 933 finiuit„
746 884 878 921 iunior
904 887 1032 921 autem
1061 883 1100 920 in
1126 881 1229 920 bello
1257 886 1513 932 consumptus
1540 887 1611 931 est,

85 952 151 1001 qui
178 952 313 1001 utique
341 951 529 988 maiorem
557 954 731 988 meretur
759 950 1035 998 reuerentiam,
1063 947 1165 999 quod
1195 960 1282 986 eum
1304 947 1450 985 bellum
1473 948 1611 998 rapuit.
1694 998 1699 999 ⁷

205 1012 280 1054 ⁴20.
319 1017 438 1054 (ἕω-(Ι.
473 1016 539 1063 22,
568 1015 591 1053 2
637 1014 746 1053 Tunc
785 1013 952 1065 populus
993 1019 1029 1052 et.
1063 1013 1206 1051 milites
1240 1012 1480 1051 Gordianum
1515 1011 1610 1062 [ter-
1640 999 1706 1059 22²5

86 1081 200 1131 nsum]
241 1081 448 1132 paruulum
487 1093 609 1119 annos
648 1087 844 1131 agentem,
884 1085 924 1118 ut
966 1079 1145 1130 plerique
1179 1078 1384 1129 adserunt,
1418 1058 1702 1128 undecim,991

34 1163 65 1188 15
86 1152 127 1185 ut.
161 1146 355 1197 nonnulli,
387 1146 595 1196 tredecim,
635 1150 673 1183 ut
710 1146 845 1184 Iunius
878 1144 1027 1184 Cordus
1062 1144 1174 1195 dicit,
1208 1143 1397 1194 sedecim,
1430 1156 1519 1182 nam
1555 1144 1612 1181 ui-

86 1213 260 1251 censimo
305 1218 340 1250 et
388 1211 560 1250 secundo
607 1224 706 1249 anno
752 1224 841 1250 eum
887 1212 1037 1262 perisse
1084 1210 1248 1261 adserit,
1286 1211 1530 1261 petiuerunt,
1573 1214 1610 1247 ut

86 1277 229 1317 Caesar
261 1277 534 1329 appellaretur,
568 1282 780 1328 raptusque
814 1276 859 1315 ad
893 1281 1070 1314 senatum
1099 1281 1214 1326 atque
1248 1275 1338 1314 inde
1365 1276 1405 1313 in
1433 1275 1613 1313 contione

88 1345 237 1394 positus
271 1343 499 1381 indumento
533 1343 784 1394 imperatorio
817 1347 944 1380 tectus
978 1342 1120 1379 Caesar
1153 1346 1212 1379 est
1245 1345 1505 1391 nuncupatus.

207 1405 282 1449 21.
317 1409 430 1447 Matr.
458 1414 494 1447 et
524 1409 632 1447 Ball).
661 1408 728 1457 12,
755 1408 782 1446 3
825 1407 912 1458 lpse
958 1413 1088 1445 autem
1134 1406 1358 1445 Maximus
1398 1405 1613 1457 Aquileiam

34 1490 67 1514 20
86 1474 232 1513 idcirco
266 1480 497 1524 accesserat,
529 1479 572 1512 ut
605 1474 732 1512 omnia
766 1478 847 1511 tuta
881 1478 919 1511 et,
951 1474 1102 1523 integra
1128 1484 1253 1523 usque
1282 1471 1328 1510 ad
1355 1471 1471 1522 Alpes
1497 1470 1614 1509 relin-

88 1545 227 1591 queret
271 1552 331 1590 ac,
377 1541 408 1577 si
448 1552 545 1591 quae
585 1544 717 1578 essent
760 1537 1034 1589 barbarorum,
1073 1539 1140 1589 qui
1179 1537 1388 1575 Maximino
1427 1536 1616 1586 fauerant,

89 1605 290 1656 reliquiae,
330 1610 607 1656 compesceret.
660 1605 769 1643 missi
810 1609 901 1642 sunt
940 1603 1108 1654 denique
1148 1602 1194 1641 ad
1234 1615 1322 1641 eum
1356 1602 1472 1652 legati
1505 1614 1616 1640 sena-

88 1676 194 1709 tores
232 1672 383 1721 uiginti,
423 1683 588 1721 quorum
628 1671 783 1708 nomina
823 1674 910 1707 sunt
946 1669 1046 1719 apud
1080 1668 1249 1707 Cordum
1284 1663 1343 1721 (in
1382 1667 1444 1705 his
1477 1679 1616 1706 consu-

90 1736 191 1774 lares
237 1742 430 1787 quattuor,
474 1736 659 1787 praetorii
698 1741 796 1785 octo,
841 1741 930 1773 octo
970 1730 1203 1788 quaestorii)
1245 1746 1332 1772 cum
1379 1733 1533 1771 coronis
1579 1737 1617 1770 et

36 1816 68 1841 25
90 1807 247 1841 senatus
293 1801 486 1852 consulto,
531 1803 571 1839 in
616 1813 692 1852 quo
738 1802 774 1839 ei
819 1805 967 1839 statuae
1019 1805 1176 1838 auratae
1228 1804 1433 1850 equestres
1482 1798 1616 1836 decer-

90 1867 295 1906 nebantur.

210 1930 280 1973 2⁸2.
319 1935 437 1972 (iord.
461 1933 527 1981 26,
550 1933 573 1971 l
608 1932 697 1971 Fuit
715 1937 844 1970 terrae
867 1936 992 1970 motus
1020 1944 1065 1970 eo
1093 1943 1217 1982 usque
1245 1931 1377 1981 grauis
1399 1930 1616 1980 imperante

92 1998 327 2037 Gordiano
368 1997 565 2049 [tertio],
597 2003 637 2036 ut
678 1999 850 2036 ciuitatis
889 1998 1004 2036 etiam
1041 2003 1168 2036 terrae
1200 1996 1308 2035 hiatu
1342 2007 1429 2034 oum
1462 1993 1617 2046 populis

93 2063 334 2115 deperirent,
373 2063 420 2101 ob
455 2075 552 2114 quae
586 2063 777 2101 sacrificia
809 2075 882 2114 per
915 2067 1032 2101 totam
1066 2062 1205 2101 urbem
1237 2066 1441 2112 totumque
1481 2059 1616 2098 orbem

37 2143 71 2168 30
92 2135 286 2168 terrarum
319 2130 491 2180 iugentia
525 2128 719 2167 celebrata
752 2133 853 2167 sunt.
905 2133 942 2166 et
969 2127 1120 2166 Cordus
1153 2127 1311 2178 quidem
1343 2126 1438 2164 dicit
1463 2126 1617 2176 inspec-

92 2196 143 2233 tis
175 2194 286 2233 libris
314 2194 513 2245 Sibyllinis
546 2193 831 2245 celebratisque
871 2193 1069 2243 omnibus,
1109 2206 1207 2243 quae
1247 2192 1326 2230 illic
1365 2192 1469 2229 iussa
1508 2189 1617 2229 uide-

94 2259 246 2310 bantur,
279 2259 517 2298 mundanum
552 2259 694 2298 malum
729 2272 814 2297 esse
849 2258 1036 2297 sedatum.

1643 1392 1708 1422 238

1642 1452 1702 1482 991

1644 1912 1708 1942 241

1644 1972 1711 2001 994

213 2373 276 2409 19.
312 2374 365 2417 Cf.
390 2375 499 2409 Gord.
525 2378 580 2416 16,
600 2377 621 2407 4
660 2374 730 2408 Hie
762 2374 881 2408 exitus
914 2374 1069 2407 duorum
1102 2372 1372 2407 Gordianorum
1406 2370 1493 2413 fuit,
1526 2381 1618 2413 quos

95 2422 221 2456 ambos
248 2423 398 2456 senatus
424 2422 611 2466 Augustos
639 2420 848 2466 appellauit
874 2422 911 2454 et
936 2422 1067 2465 postea
1093 2420 1189 2454 inter
1215 2419 1322 2453 diuos
1348 2417 1503 2453 rettulit.

214 2547 250 2583 4.
285 2542 451 2597 quotue]
484 2546 588 2595 quod
620 2546 683 2583 uel
708 2546 746 2583 P
862 2541 1000 2595 etiam]
1032 2547 1165 2582 tamen
1194 2545 1394 2582 Baehrens

216 2600 291 2656 19,
327 2607 362 2643 7.
394 2602 636 2656 principum]
663 2605 835 2654 primum
862 2605 898 2642 P
1024 2605 1088 2641 12.
1120 2606 1280 2641 ueretur
1306 2604 1342 2639 P
1458 2601 1562 2639 bella
1587 2601 1624 2638 P

94 2665 239 2703 bellum
265 2667 404 2712 scripsi
435 2665 599 2702 Bellona
624 2665 877 2701 Kellerbauer

214 2718 290 2774 21,
326 2727 389 2761 11).
422 2724 657 2762 maximinus
684 2723 721 2759 P
840 2724 904 2760 24.
938 2724 1073 2762 οβ’ῡονυιι
1102 2723 1139 2760 P
1160 2717 1312 2775 (octoso
1334 2715 1493 2773 Bamb.)
1519 2722 1617 2764 octo,

96 2785 182 2822 octo
214 2785 351 2831 scripsi
474 2785 539 2822 25.
573 2782 795 2821 consultum
821 2782 858 2819 P
