1842 3133
105 1820 172 1850 293

104 1880 170 1909 461

198 126 278 167 158
746 124 916 159 FABIVS
944 124 1173 160 VESTALIS

196 244 338 276 terrani
374 237 487 287 elisit,
521 238 572 275 ita
605 242 647 274 ut
681 242 792 275 antea
826 236 921 275 nihil
956 249 1026 288 per
1052 236 1259 276 interualla
1287 238 1510 288 respiraret,
1539 235 1722 288 solusque

195 316 213 341 a
253 304 418 341 Caesare
459 308 497 341 et
539 303 736 353 argenteis
782 304 968 354 praemiis
1007 308 1045 341 et
1090 315 1207 341 aureo
1254 308 1390 354 torque
1437 302 1601 341 donatus
1646 307 1722 355 est3

194 371 324 407 iussus
365 367 505 406 deinde
547 369 652 406 inter
689 369 897 419 stipatores
938 367 1080 419 degere
1121 370 1297 420 corporis
1342 367 1580 419 principalis.
1637 372 1725 419 post

195 434 289 471 haec.
322 433 394 472 sub
427 434 621 472 Antonino
650 433 846 472 Caracalla
880 433 1040 472 ordines
1074 433 1185 473 duxit
1216 446 1261 472 ae
1294 445 1409 484 saepe
1442 433 1583 472 famam
1610 433 1724 472 factis

195 498 410 537 extendens
443 499 576 550 plures
610 499 771 537 militiae
805 499 949 550 gradus
982 500 1322 550 eenturiatumque
1353 500 1598 538 strenuitatis
1631 511 1724 538 suae
1762 510 1777 535 5

195 566 363 615 pretium
404 564 504 603 tulit.
557 564 728 603 Macrino
769 570 898 603 tamen
938 570 1073 616 postea
1112 566 1150 603 in
1192 577 1356 615 regnum
1395 566 1574 616 ingresso
1614 577 1724 603 reeu-

195 632 294 668 sauit
324 630 502 668 militiam
537 642 637 682 pene
672 632 842 669 triennio
875 629 1176 681 tribunatusque
1210 630 1359 669 hahens
1392 630 1581 669 honorem
1613 643 1724 669 num-

195 708 309 746 quam
351 708 391 734 se
425 695 550 734 oeulis
582 695 746 734 Macrini
779 696 931 747 optulit,
965 695 1170 746 indignum
1204 695 1352 735 ducens
1386 697 1471 735 eius
1503 697 1726 747 imperium,

196 761 298 812 quod
337 766 560 813 perpetrato
600 763 772 800 facinore
813 763 939 800 suerat
977 761 1227 813 adquisitum.
1280 761 1327 800 ad
1360 761 1626 813 Eliogabalum
1662 761 1725 799 de-

198 826 288 865 hinc.
328 828 439 878 quasi
478 827 525 866 ad
563 828 750 866 Antonini
788 827 912 866 filium
951 832 1157 866 reuertens
1196 827 1438 866 tribunatum
1478 840 1591 866 suum
1632 826 1780 866 31111110

196 898 234 931 01
265 899 353 943 post
385 893 489 931 hune
522 893 593 932 sul)
621 893 885 932 Alexandrum
912 892 1106 932 Mamaeae
1141 898 1275 932 eontra
1302 893 1466 932 Parthos
1492 892 1728 931 mirabiliter

197 957 411 997 dimieauit.
463 971 587 1010 eoque
620 959 862 1010 Mogontiaco
896 959 1058 997 militari
1097 958 1263 998 tumulto
1297 960 1425 997 occiso
1460 959 1545 1010 ipse
1579 959 1727 997 exerei-

196 1030 258 1062 tus
292 1023 483 1063 electione
517 1024 663 1076 absque
698 1030 857 1063 senatus
892 1024 1073 1063 consultu
1107 1025 1270 1063 effectus
1304 1029 1362 1063 est
1398 1025 1628 1075 imperator,
1662 1024 1728 1075 11111

197 1096 336 1129 cuneta
370 1090 471 1129 hona
504 1103 573 1129 sua
606 1092 645 1129 in
678 1091 955 1141 persecutione
989 1090 1303 1129 Christianorum
1342 1089 1441 1128 malo
1474 1095 1566 1128 uoto
1599 1089 1727 1128 foeda-

196 1157 253 1194 uit
281 1157 513 1207 occisusque
540 1156 716 1207 Aquileia
744 1169 762 1194 a
790 1156 992 1207 Puppione
1020 1168 1185 1206 regnum
1213 1155 1373 1207 reliquit
1399 1155 1589 1206 Philippo.
1624 1154 1727 1206 quod
1749 1166 1780 1190 15

198 1234 268 1259 nos
301 1221 449 1260 ideireo
482 1221 574 1260 huie
607 1227 740 1260 nostro
774 1221 963 1272 opusculo
998 1221 1044 1259 de
1073 1221 1295 1272 Symmachi
1327 1221 1499 1272 hystoria
1532 1221 1728 1259 mutuaui-

198 1299 297 1336 nius,
343 1292 536 1338 quatenus
581 1293 748 1337 gentem,
802 1287 903 1325 unde
955 1288 1124 1338 agimus,
1175 1286 1474 1325 ostenderemus
1526 1286 1572 1324 ad
1619 1288 1728 1336 regni

198 1352 362 1391 Romani
395 1353 593 1404 fastigium
627 1365 751 1403 usque
785 1354 956 1391 uenisse.

295 1626 678 1674 SCRIPTORES
717 1626 991 1673 AETATIS
1030 1626 1279 1673 OMNlNO
1318 1625 1644 1673 INOERTAE

682 1733 908 1781 FABIVS
947 1732 1253 1782 VESTALIS

320 1838 360 1882 1.
395 1844 496 1881 Ρῖίη.
524 1855 560 1881 n.
586 1844 623 1881 h.
661 1843 742 1880 VII
763 1842 850 1881 213
895 1842 1083 1893 Princeps
1121 1841 1306 1881 Romanis
1352 1841 1537 1880 solarium
1577 1840 1728 1879 horolo-

201 1909 305 1958 gium
341 1909 524 1947 statuisse
558 1913 645 1946 ante
679 1917 745 1946 XII
778 1920 900 1946 annos
934 1920 1049 1959 quam
1083 1921 1171 1946 cum
1204 1908 1325 1959 Pyrro
1358 1907 1544 1946 bellatum
1579 1912 1648 1958 est,
1682 1906 1729 1945 ad
1749 1905 1783 1929 2⁰

201 1973 335 2012 aedem
375 1973 529 2019 Quirini
569 1974 608 2012 L.
642 1974 821 2025 Papiriils
861 1973 1023 2025 Cursor,
1063 1986 1151 2012 eum
1193 1986 1278 2012 eam
1325 1973 1523 2012 dedicaret
1562 1985 1580 2011 a
1620 1977 1729 2023 patre

320 2107 356 2142 1.
387 2107 440 2149 Cf.
464 2107 604 2142 Censor.
627 2106 669 2141 cle
695 2107 727 2140 d.
749 2118 784 2140 n.
806 2109 866 2148 23,
888 2110 910 2140 6
942 2106 981 2140 In
1002 2106 1111 2141 horas
1133 2106 1327 2140 duodecim
1350 2106 1447 2140 diem
1469 2105 1628 2139 diuisum
1651 2116 1729 2139 esse

201 2157 418 2198 noctemque
446 2154 482 2187 111
504 2154 662 2188 totidem
689 2154 802 2198 uulgo
829 2156 958 2188 notun]
985 2156 1050 2197 est,
1079 2154 1142 2188 sed
1169 2154 1237 2187 hoe
1266 2154 1373 2187 eredo
1401 2154 1539 2187 Romae
1566 2154 1650 2197 post
1675 2164 1727 2186 re-

203 2206 305 2246 perta
334 2202 470 2236 solaria.
497 2202 748 2243 obseruatum,
781 2213 936 2245 quorum
970 2201 1272 2245 antiquissimum
1305 2201 1403 2245 quod
1437 2201 1549 2235 suerit
1575 2201 1729 2235 inuentu

202 2250 354 2284 difficile
388 2252 460 2293 est3
500 2249 564 2283 alii
598 2250 695 2284 enim
730 2249 828 2294 apud
861 2249 991 2283 aedem
1020 2249 1164 2291 Quirini
1191 2250 1351 2294 primum
1378 2250 1559 2283 statutum
1588 2249 1727 2291 dieunt,

322 2383 358 2418 3.
390 2376 548 2431 degere]
569 2380 624 2417 H
646 2380 785 2417 dedere
812 2381 839 2417 I
868 2379 1004 2418 decore
1032 2392 1135 2429 eorp.
1165 2393 1221 2428 pr.
1250 2382 1379 2417 astare
1405 2380 1487 2417 III
1588 2381 1623 2416 4.
1658 2378 1729 2417 sub

202 2442 341 2478 om.]l
457 2442 492 2477 5.
521 2441 865 2488 centuriatumque
880 2440 961 2476 III
984 2440 1369 2488 centuriataniquel
1390 2440 1664 2488 centuriasque
1680 2438 1735 2474 [I

211 2516 239 2536 1.
274 2501 489 2537 triennium
516 2501 566 2536 II
658 2500 803 2537 honore
836 2512 921 2537 cum
948 2500 1062 2537 Heid.
1084 2500 1168 2537 Pal.
1190 2500 1408 2536 Mommsen
1522 2499 1558 2535 8.
1587 2498 1731 2536 obtulit

204 2574 276 2596 ina.
303 2561 350 2596 II
443 2562 477 2597 9.
509 2560 577 2607 qui
600 2581 652 2584 —
676 2559 830 2596 facinus
850 2560 879 2595 J
909 2559 1011 2607 quod
1034 2581 1086 2584 —
1112 2560 1282 2596 facinore
1302 2559 1354 2595 II
1368 2558 1482 2606 (111)
1576 2559 1660 2595 erat
1680 2558 1729 2593 ΙΙ

213 2622 270 2655 11.
304 2620 395 2655 111110
422 2620 469 2655 ll
593 2618 804 2656 alexandro
831 2619 882 2655 ll
1003 2632 1155 2656 mamae
1183 2619 1205 2655 J
1331 2620 1395 2655 12.
1430 2630 1504 2666 que
1531 2630 1602 2655 om.
1624 2617 1677 2653 II

208 2680 271 2715 13.
305 2681 516 2716 senanatus
544 2679 567 2714 I
690 2679 755 2715 15.
783 2678 984 2727 aquilegia
1011 2679 1060 2715 Ι]
1082 2678 1196 2725 (ΙΙΙ)

326 2733 366 2788 l,
405 2740 467 2774 19.
502 2736 708 2785 Romanis]
743 2737 886 2785 Effice.)
908 2749 978 2775 oms.
1000 2741 1077 2776 cett.
1099 2738 1189 2775 libra·
1399 2738 1464 2775 20.
1499 2747 1554 2773 xn
1580 2736 1618 2773 R
1636 2736 1728 2773 Par.

206 2796 382 2833 undecim
411 2800 487 2835 cett.
510 2799 600 2835 libri
