1842 3133
228 119 281 159 74
819 115 854 149 C.
882 114 980 148 IVLI
1007 113 1178 148 HYGINI

227 229 442 268 Ianiculum
483 229 736 266 uocitaretur.
798 231 884 277 post
924 225 971 263 ad
1010 225 1145 264 Ianum
1184 225 1309 264 solum
1350 238 1514 276 regnum
1561 224 1761 264 redactum

227 301 297 345 est,
332 295 399 345 qui
433 292 608 331 creditur
641 293 836 341 geminam
872 292 1009 329 faciem
1043 290 1289 341 praetulisse,
1321 296 1365 329 ut
1397 303 1496 342 quae
1530 296 1618 329 ante
1646 303 1762 341 quae-

228 374 302 411 que
336 364 424 410 post
458 364 610 407 tergum
647 362 795 407 essent,
837 357 1069 395 intueretur.
1121 355 1224 406 quod
1262 356 1399 407 procul
1441 355 1557 394 dnbio
1592 355 1638 394 ad
1670 368 1762 406 pru-

228 426 399 463 dentiam
447 424 550 473 regis
597 421 888 473 sollertiamque
936 420 1190 460 referendum
1237 426 1311 472 est,
1358 422 1425 472 qui
1471 426 1508 459 et
1552 422 1763 472 praeterita

228 496 360 529 nosset
395 495 433 528 et
466 490 597 527 futura
630 488 888 538 prospiceret,
923 487 1026 525 sicut
1058 486 1271 524 Antenorta
1306 492 1341 524 et
1370 486 1587 536 Postuerta,
1622 485 1762 524 diuini-

228 557 318 594 tatis
364 554 514 592 scilicet
561 554 786 603 aptissimae
833 553 1014 602 comites,
1061 551 1163 602 apud
1210 550 1405 590 Romanos
1451 551 1644 590 coluntur.
1702 551 1765 588 liicv

227 623 349 671 igitur
382 620 509 669 lanus,
544 631 633 657 cum
667 617 880 656 Saturnum
915 617 1039 655 classe
1075 622 1305 668 peruectum
1340 618 1561 668 excepisset
1596 616 1765 667 hospitio

228 693 262 724 et
299 685 344 724 ab
379 698 423 724 eo
459 684 621 724 edoctus
648 684 831 734 peritiam
861 683 964 721 ruris
993 683 1119 720 serum
1148 682 1257 720 illum
1285 687 1321 720 et
1350 681 1488 720 rudem
1516 687 1604 720 ante
1633 682 1766 731 fruges

228 753 403 801 cognitas
436 752 587 789 nictum
620 751 659 787 in
693 748 835 787 melius
870 748 1104 798 redegisset,
1140 749 1250 798 regni
1284 760 1372 786 eum
1407 748 1594 786 societate
1630 758 1766 786 mune-

228 819 341 856 rauit.
395 829 484 854 cum
521 816 672 867 primus
709 827 865 865 quoque
899 826 988 852 aera
1022 814 1208 864 signaret,
1243 814 1420 852 seruauit
1452 819 1489 851 et
1522 814 1559 850 in
1594 812 1666 851 hoc
1700 812 1766 850 Sa-

228 884 335 922 turni
369 882 647 930 reuerentiam,
680 885 735 931 ut,
769 880 952 930 quoniam
987 878 1051 917 ille
1085 880 1177 917 naui
1211 879 1338 917 suerat
1370 878 1570 928 aduectus,
1610 890 1655 916 ex
1689 889 1766 916 una

228 948 387 999 quidem
426 952 536 998 parte
578 947 639 985 sui
678 946 817 996 capitis
857 945 1027 995 effigies,
1061 957 1105 983 ex
1142 944 1262 983 altera
1295 956 1391 982 uero
1425 944 1537 982 nauis
1571 944 1765 994 exprime-

229 1019 355 1065 retur,
401 1026 477 1064 quo
524 1012 684 1050 Saturni
730 1011 959 1049 memoriam
1006 1011 1044 1048 in
1091 1015 1269 1061 posteros
1316 1014 1560 1060 propagaret.
1588 1031 1633 1035 —
1670 1008 1766 1046 Cum

228 1081 333 1118 inter
370 1079 466 1117 haec
506 1076 634 1116 subito
675 1076 869 1115 Saturnus
909 1089 985 1114 non
1027 1076 1331 1126 comparuisset,
1371 1075 1606 1125 excogitauit
1651 1073 1768 1112 Ianus

229 1145 423 1183 honorum
457 1145 542 1182 eius
576 1146 797 1193 augmenta.
850 1154 893 1179 ac
927 1142 1098 1192 primum
1133 1146 1278 1179 terram
1312 1152 1469 1178 omnem
1497 1139 1641 1178 dicioni
1675 1150 1767 1177 suae

228 1215 433 1262 parentem
462 1209 687 1247 Saturniam
715 1207 945 1257 nominauit,
974 1219 1080 1244 aram
1116 1205 1255 1244 deinde
1290 1218 1379 1243 cum
1414 1206 1536 1243 sacris
1570 1210 1767 1255 tamquam

231 1276 302 1314 deo
337 1274 524 1324 condidit,
558 1286 658 1324 quae
693 1271 915 1311 Saturnalia
949 1273 1178 1310 nominauit.

350 1337 424 1379 7³³⁴.
460 1340 574 1378 Seru.
603 1344 749 1377 [tuclus
782 1341 820 1377 e'n
858 1340 954 1376 Aen.
988 1338 1092 1375 VIII
1115 1338 1202 1375 600
1238 1336 1285 1374 Hi
1314 1335 1511 1386 [Pelasyl]
1546 1336 1663 1387 primi
1696 1335 1768 1373 lta-

230 1406 320 1444 liam
368 1406 543 1444 tenuisse
588 1403 860 1455 perhibentur.
893 1425 947 1429 —-
981 1402 1158 1453 Hyginus
1204 1401 1299 1440 dicit
1342 1401 1525 1452 Pelasgos
1571 1413 1656 1439 esse
1703 1401 1769 1451 qui

232 1471 427 1523 Tyrrheni
462 1476 569 1509 sunt:
603 1469 676 1507 hoc
710 1469 826 1507 etiam
861 1468 980 1506 Varro
1015 1473 1305 1506 commemorat.
1471 1459 1473 1461 ¹

351 1533 394 1576 S.
430 1537 613 1575 Macrob.
633 1540 706 1573 sat.
739 1534 855 1582 1⁷18,
873 1534 927 1571 15
960 1533 1002 1571 In
1030 1545 1105 1584 qua
1133 1532 1292 1584 quidem
1320 1545 1361 1570 re
1389 1533 1525 1570 mirari
1552 1537 1611 1570 est
1630 1536 1767 1582 poetae

230 1603 347 1641 huius
377 1600 588 1652 [Verffl'le'e']
623 1599 931 1638 occultissimam
967 1597 1222 1649 diligentiam,
1256 1599 1323 1649 qui
1358 1610 1447 1636 cum
1481 1597 1641 1647 legisset
1672 1595 1768 1635 Iler-

232 1669 353 1718 nicos,
387 1679 554 1718 quorum
589 1671 649 1704 est
681 1665 866 1715 Anagnia,
900 1676 919 1702 a
953 1663 1126 1714 Pelasgis
1159 1663 1346 1702 oriundos
1385 1662 1677 1714 appellatosque
1717 1662 1768 1700 ita

231 1746 251 1772 a
285 1732 452 1784 quodam
486 1732 649 1782 Pelasgo
691 1730 788 1769 duce
828 1743 916 1780 suo,
956 1730 1023 1780 qui
1057 1728 1250 1767 Hernicus
1290 1728 1582 1779 nominabatur,
1618 1739 1768 1766 morem

232 1812 348 1850 quem
383 1798 428 1836 de
463 1797 611 1836 Aetolia
644 1796 804 1847 legerat,
837 1795 1019 1833 Hernicis
1052 1794 1291 1845 adsignauit,
1332 1795 1398 1845 qui
1433 1798 1523 1832 sunt
1555 1798 1670 1832 uetus
1705 1805 1766 1831 co·
1788 1803 1802 1827 ε’

232 1864 335 1902 lonia
362 1863 626 1914 Pelasgorum.
673 1867 712 1900 et
737 1861 951 1899 Hernicum
980 1860 1139 1911 quidem
1167 1860 1365 1898 hominem
1392 1859 1600 1909 Pelasgum
1629 1858 1768 1896 ducem

232 1929 414 1968 Hernicis
446 1929 567 1967 fuisse
602 1927 723 1966 Iulius
751 1926 927 1977 Hyginus
960 1927 998 1963 in
1033 1925 1133 1963 libro
1168 1924 1340 1964 secundo
1374 1924 1532 1963 urbium
1566 1936 1641 1962 non
1676 1936 1768 1974 pau-

235 1997 290 2033 cis
324 1994 459 2033 uerbis
492 1993 641 2045 probat.

353 2058 397 2099 9.
439 2062 553 2098 Seru.
582 2064 728 2097 auctus
760 2061 798 2096 in
830 2059 927 2096 Aen.
960 2057 1064 2094 I'III
1090 2056 1175 2094 63&
1221 2056 1295 2094 Aut
1334 2052 1516 2093 ‘seueris'
1562 2053 1767 2104 disciplina

235 2132 298 2164 aut
339 2138 420 2163 rem
461 2125 534 2162 lioc
572 2123 695 2162 uerbo
736 2121 977 2161 reconditam
1018 2121 1115 2159 dixit
1149 2120 1411 2171 [Verye‘Iinsl.
1452 2120 1541 2170 quia
1581 2118 1713 2157 Sabini
1749 2132 1768 2156 a

357 2264 391 2298 7.
422 2264 474 2306 Cf.
498 2263 611 2297 Dt'on.
635 2263 657 2295 I
675 2264 724 2296 :25
763 2261 964 2295 ἐκαλοῦντο
992 2258 1031 2293 δὲ
1058 2259 1129 2293 ὑπὸ
1156 2264 1229 2293 τῶν
1256 2258 1375 2293 ἄλλων
1401 2258 1617 2301 ἀνθρώπων
1643 2261 1708 2301 τῆς
1732 2269 1768 2290 τὲ

234 2313 355 2357 χώρας
387 2310 572 2353 ἐπικλήσει
604 2306 675 2352 ἀφ’
706 2304 748 2350 ἧς
774 2306 1019 2350 ἐξανέστησαν
1054 2306 1116 2341 καὶ
1148 2311 1213 2340 τοῦ
1240 2308 1401 2340 παλαιοῦ
1429 2303 1559 2350 γένους
1584 2303 1707 2350 μνήμῃ
1735 2302 1770 2337 οἱ

235 2359 341 2393 αὐτοὶ
374 2357 558 2401 Τυρρηνοὶ
590 2356 654 2391 καὶ
687 2353 882 2400 Πελασγοί.
929 2353 980 2389 ὧν
1014 2353 1084 2399 ἐγὼ
1117 2352 1227 2398 λόγον
1261 2352 1492 2398 ἐποιησάμην
1518 2357 1582 2386 τοῦ
1610 2351 1659 2395 μή
1685 2364 1769 2385 τινα

235 2409 366 2449 θαῦμα
393 2408 597 2447 ποιεῖσθαι,
626 2402 778 2438 ἐπειδὰν
799 2409 963 2447 ποιητῶν
992 2400 1010 2446 ἣ
1039 2399 1282 2446 συγγραφέων
1308 2400 1427 2446 ἀκούῃ
1453 2400 1540 2440 τοὺς
1561 2399 1772 2443 Πελασγοὺς

237 2454 295 2488 καὶ
337 2453 550 2497 Τυρρηνοὺς
588 2450 864 2495 ὀνομαζόντων,
896 2457 974 2490 πῶς
1011 2447 1226 2493 ἀμφοτέρας
1252 2448 1358 2492 ἔσχον
1384 2447 1449 2487 τὰς
1488 2444 1698 2490 ἐπωνυμίας
1737 2446 1771 2480 οἱ

237 2500 342 2535 αὐτοί
369 2503 441 2535 κτλ.
481 2512 508 2535 c.
529 2503 578 2534 28
598 2498 814 2538 ‘Etidvtnog
840 2497 858 2531 ὁ
886 2497 1039 2542 Λέσβιος
1065 2497 1150 2536 τοὺς
1185 2495 1400 2540 Τυρρηνούς
1432 2506 1522 2539 φησι
1557 2494 1772 2538 Πελασγοὺς

236 2549 416 2591 πρότερον
443 2545 703 2591 καλουμένους,
731 2545 859 2589 ἐπειδὴ
887 2544 1107 2589 κατῴκησαν
1133 2543 1173 2578 ἐν
1197 2540 1345 2591 Ἰταλία,
1372 2543 1604 2587 παραλαβεῖν
1630 2540 1675 2584 ἣν
1702 2546 1771 2575 νῦν

239 2597 359 2640 ἔχουσι
392 2592 647 2639 προσηγορίαν
673 2595 745 2627 κτλ.
764 2593 938 2636 (Mueller
958 2591 1073 2627 FllG
1094 2593 1119 2625 I
1135 2594 1208 2634 45).
1238 2591 1434 2635 Schzceyler
1448 2591 1496 2624 H.
1515 2590 1558 2624 R.
1580 2590 1601 2622 [
1620 2592 1768 2632 156399.

357 2644 396 2677 9.
433 2643 511 2677 Viti.
536 2642 612 2676 Cat.
633 2643 681 2684 fr.
704 2645 759 2675 50.
783 2643 826 2675 51
853 2652 880 2675 c.
903 2640 988 2674 adn.
1010 2643 1042 2674 et
1071 2639 1159 2674 Gen.
1181 2639 1227 2681 fr.
1252 2642 1306 2673 10.

362 2775 403 2827 7,
443 2780 505 2815 19.
538 2779 680 2827 yginas
708 2777 813 2814 Flor.
939 2772 983 2826 8,
1020 2776 1084 2812 27.
1117 2764 1263 2824 yginus
1290 2774 1416 2812 Paris.

1788 823 1820 848 10

1789 1149 1821 1174 15

1789 1477 1822 1501 20

1790 2129 1823 2155 30
