<?xml version="1.0" encoding="UTF-8"?>
<!DOCTYPE html PUBLIC "-//W3C//DTD XHTML 1.0 Transitional//EN"
    "http://www.w3.org/TR/xhtml1/DTD/xhtml1-transitional.dtd">
<html xmlns="http://www.w3.org/1999/xhtml" xml:lang="en" lang="en">
 <head>
  <title>
</title>
<meta http-equiv="Content-Type" content="text/html;charset=utf-8" />
  <meta name='ocr-system' content='tesseract 3.04.00' />
  <meta name='ocr-capabilities' content='ocr_page ocr_carea ocr_par ocr_line ocrx_word'/>
</head>
<body>
  <div class='ocr_page' id='page_1' title='image "./veterumhistorico02peteuoft_0190.png"; bbox 0 0 1842 3133; ppageno 0'>
   <div class='ocr_carea' id='block_1_1' title="bbox 182 152 1388 188">
    <p class='ocr_par' dir='ltr' id='par_1_1' title="bbox 182 152 1388 188">
     <span class='ocr_line' id='line_1_1' title="bbox 182 152 1388 188; baseline -0.002 0"><span class='ocrx_word' id='word_1_1' title='bbox 182 157 390 188; x_wconf 79' lang='lat' dir='ltr'>CLXXVIII</span> <span class='ocrx_word' id='word_1_2' title='bbox 515 154 578 188; x_wconf 87' lang='lat' dir='ltr'>DE</span> <span class='ocrx_word' id='word_1_3' title='bbox 607 152 913 188; x_wconf 81' lang='lat' dir='ltr'>SCRIPTORVM</span> <span class='ocrx_word' id='word_1_4' title='bbox 940 152 1064 187; x_wconf 83' lang='lat' dir='ltr'>VITIS</span> <span class='ocrx_word' id='word_1_5' title='bbox 1091 152 1152 186; x_wconf 87' lang='lat' dir='ltr'>ET</span> <span class='ocrx_word' id='word_1_6' title='bbox 1180 152 1388 187; x_wconf 80' lang='lat' dir='ltr'>SCRIPTIS</span> 
     </span>
    </p>
   </div>
   <div class='ocr_carea' id='block_1_2' title="bbox 180 261 1722 513">
    <p class='ocr_par' dir='ltr' id='par_1_2' title="bbox 180 261 1722 513">
     <span class='ocr_line' id='line_1_2' title="bbox 182 261 1718 318; baseline -0.003 -13"><span class='ocrx_word' id='word_1_7' title='bbox 182 269 312 318; x_wconf 83' lang='lat' dir='ltr'>priore</span> <span class='ocrx_word' id='word_1_8' title='bbox 353 278 445 304; x_wconf 87' lang='lat' dir='ltr'>suae</span> <span class='ocrx_word' id='word_1_9' title='bbox 485 267 590 303; x_wconf 85' lang='lat' dir='ltr'>uitae</span> <span class='ocrx_word' id='word_1_10' title='bbox 629 265 740 315; x_wconf 86' lang='lat' dir='ltr'>pa&#39;rte</span> <span class='ocrx_word' id='word_1_11' title='bbox 781 277 811 302; x_wconf 81' lang='lat' dir='ltr'>c.</span> <span class='ocrx_word' id='word_1_12' title='bbox 843 261 997 314; x_wconf 73' lang='lat'>1—14,</span> <span class='ocrx_word' id='word_1_13' title='bbox 1027 261 1048 301; x_wconf 74' lang='lat'>7</span> <span class='ocrx_word' id='word_1_14' title='bbox 1089 265 1225 302; x_wconf 90' lang='lat' dir='ltr'>nescio</span> <span class='ocrx_word' id='word_1_15' title='bbox 1271 276 1386 314; x_wconf 88' lang='lat' dir='ltr'>quem</span> <span class='ocrx_word' id='word_1_16' title='bbox 1432 268 1632 302; x_wconf 78' lang='lat' dir='ltr'>auctorem</span> <span class='ocrx_word' id='word_1_17' title='bbox 1677 264 1718 301; x_wconf 91' lang='lat' dir='ltr'>in</span> 
     </span>
     <span class='ocr_line' id='line_1_3' title="bbox 180 329 1722 381; baseline -0.003 -9"><span class='ocrx_word' id='word_1_18' title='bbox 180 332 363 371; x_wconf 80' lang='lat' dir='ltr'>manibus</span> <span class='ocrx_word' id='word_1_19' title='bbox 419 330 621 381; x_wconf 85' lang='lat' dir='ltr'>habuisse,</span> <span class='ocrx_word' id='word_1_20' title='bbox 673 331 740 380; x_wconf 85' lang='lat' dir='ltr'>qui</span> <span class='ocrx_word' id='word_1_21' title='bbox 791 329 978 367; x_wconf 87' lang='lat' dir='ltr'>Hadriani</span> <span class='ocrx_word' id='word_1_22' title='bbox 1030 331 1152 367; x_wconf 88' lang='lat' dir='ltr'>uitam</span> <span class='ocrx_word' id='word_1_23' title='bbox 1202 330 1347 380; x_wconf 82' lang='lat' dir='ltr'>partim</span> <span class='ocrx_word' id='word_1_24' title='bbox 1404 329 1722 379; x_wconf 79' lang='lat' dir='ltr'>transcripsisset</span> 
     </span>
     <span class='ocr_line' id='line_1_4' title="bbox 180 391 1721 448; baseline -0.002 -13"><span class='ocrx_word' id='word_1_25' title='bbox 180 399 323 448; x_wconf 84' lang='lat' dir='ltr'>partim</span> <span class='ocrx_word' id='word_1_26' title='bbox 353 397 601 446; x_wconf 69' lang='lat' dir='ltr'>correxisset,</span> <span class='ocrx_word' id='word_1_27' title='bbox 627 393 720 434; x_wconf 69' lang='lat' dir='ltr'>‘Dle</span> <span class='ocrx_word' id='word_1_28' title='bbox 747 396 896 444; x_wconf 76' lang='lat' dir='ltr'>Scre&#39;pt.</span> <span class='ocrx_word' id='word_1_29' title='bbox 918 396 954 433; x_wconf 75' lang='lat'>72.</span> <span class='ocrx_word' id='word_1_30' title='bbox 976 391 1046 433; x_wconf 81' lang='grc' dir='ltr'>Α.’</span> <span class='ocrx_word' id='word_1_31' title='bbox 1072 407 1107 445; x_wconf 92' lang='lat' dir='ltr'>p.</span> <span class='ocrx_word' id='word_1_32' title='bbox 1133 391 1213 432; x_wconf 80' lang='lat'>121</span> <span class='ocrx_word' id='word_1_33' title='bbox 1238 406 1320 445; x_wconf 88' lang='lat' dir='ltr'>sqq.</span> <span class='ocrx_word' id='word_1_34' title='bbox 1348 393 1529 445; x_wconf 89' lang='lat' dir='ltr'>pluribus</span> <span class='ocrx_word' id='word_1_35' title='bbox 1556 395 1721 445; x_wconf 80' lang='lat' dir='ltr'>exposui</span> 
     </span>
     <span class='ocr_line' id='line_1_5' title="bbox 182 455 1259 513; baseline -0.003 -13"><span class='ocrx_word' id='word_1_36' title='bbox 182 463 251 512; x_wconf 74' lang='lat' dir='ltr'>(cf.</span> <span class='ocrx_word' id='word_1_37' title='bbox 276 463 438 509; x_wconf 73' lang='lat' dir='ltr'>Seleulz,</span> <span class='ocrx_word' id='word_1_38' title='bbox 472 462 558 499; x_wconf 80' lang='lat' dir='ltr'>Das</span> <span class='ocrx_word' id='word_1_39' title='bbox 590 461 721 500; x_wconf 71' lang='lat' dir='ltr'>Leben</span> <span class='ocrx_word' id='word_1_40' title='bbox 757 461 971 499; x_wconf 68' lang='lat' dir='ltr'>Hadriam</span> <span class='ocrx_word' id='word_1_41' title='bbox 994 473 1038 509; x_wconf 75' lang='lat' dir='ltr'>p.</span> <span class='ocrx_word' id='word_1_42' title='bbox 1067 460 1090 497; x_wconf 91' lang='grc'>1</span> <span class='ocrx_word' id='word_1_43' title='bbox 1112 461 1215 508; x_wconf 82' lang='lat' dir='ltr'>sqq.)</span> <span class='ocrx_word' id='word_1_44' title='bbox 1227 455 1259 513; x_wconf 82' lang='lat'>¹)</span> 
     </span>
    </p>
   </div>
   <div class='ocr_carea' id='block_1_3' title="bbox 371 654 1532 704">
    <p class='ocr_par' dir='ltr' id='par_1_3' title="bbox 371 654 1532 704">
     <span class='ocr_line' id='line_1_6' title="bbox 371 654 1532 704; baseline -0.003 -1"><span class='ocrx_word' id='word_1_45' title='bbox 371 656 745 704; x_wconf 76' lang='lat' dir='ltr'>IMPERATOR</span> <span class='ocrx_word' id='word_1_46' title='bbox 783 656 833 702; x_wconf 91' lang='lat' dir='ltr'>L.</span> <span class='ocrx_word' id='word_1_47' title='bbox 871 654 1207 702; x_wconf 79' lang='lat' dir='ltr'>SEPTIMIVS</span> <span class='ocrx_word' id='word_1_48' title='bbox 1248 654 1532 701; x_wconf 81' lang='lat' dir='ltr'><strong>SEVERVS</strong></span> 
     </span>
    </p>
   </div>
   <div class='ocr_carea' id='block_1_4' title="bbox 575 746 1332 792">
    <p class='ocr_par' dir='ltr' id='par_1_4' title="bbox 575 746 1332 792">
     <span class='ocr_line' id='line_1_7' title="bbox 575 746 1332 792; baseline 0 -11"><span class='ocrx_word' id='word_1_49' title='bbox 575 748 699 792; x_wconf 77' lang='lat' dir='ltr'>(natus</span> <span class='ocrx_word' id='word_1_50' title='bbox 728 757 758 781; x_wconf 81' lang='lat' dir='ltr'>a.</span> <span class='ocrx_word' id='word_1_51' title='bbox 783 751 861 789; x_wconf 66' lang='lat'>1413,</span> <span class='ocrx_word' id='word_1_52' title='bbox 889 746 1092 789; x_wconf 78' lang='lat' dir='ltr'>imperator</span> <span class='ocrx_word' id='word_1_53' title='bbox 1120 748 1332 788; x_wconf 70' lang='lat'><strong>193—211.)</strong></span> 
     </span>
    </p>
   </div>
   <div class='ocr_carea' id='block_1_5' title="bbox 180 844 1724 2404">
    <p class='ocr_par' dir='ltr' id='par_1_5' title="bbox 180 844 1724 2204">
     <span class='ocr_line' id='line_1_8' title="bbox 300 844 1720 898; baseline -0.001 -13"><span class='ocrx_word' id='word_1_54' title='bbox 300 848 372 886; x_wconf 82' lang='lat' dir='ltr'>Hic</span> <span class='ocrx_word' id='word_1_55' title='bbox 406 847 636 898; x_wconf 79' lang='lat' dir='ltr'>Leptitanus</span> <span class='ocrx_word' id='word_1_56' title='bbox 671 846 891 885; x_wconf 85' lang='lat' dir='ltr'>studiorum</span> <span class='ocrx_word' id='word_1_57' title='bbox 925 845 1195 897; x_wconf 80' lang='lat' dir='ltr'>philosophiae</span> <span class='ocrx_word' id='word_1_58' title='bbox 1229 858 1272 883; x_wconf 92' lang='lat' dir='ltr'>ac</span> <span class='ocrx_word' id='word_1_59' title='bbox 1307 844 1464 883; x_wconf 86' lang='lat' dir='ltr'>dicendi</span> <span class='ocrx_word' id='word_1_60' title='bbox 1497 857 1614 883; x_wconf 89' lang='lat' dir='ltr'>causa</span> <span class='ocrx_word' id='word_1_61' title='bbox 1646 844 1720 882; x_wconf 86' lang='lat' dir='ltr'>Ro-</span> 
     </span>
     <span class='ocr_line' id='line_1_9' title="bbox 181 910 1721 963; baseline -0.003 -11"><span class='ocrx_word' id='word_1_62' title='bbox 181 926 302 963; x_wconf 90' lang='lat' dir='ltr'>mam,</span> <span class='ocrx_word' id='word_1_63' title='bbox 344 912 484 951; x_wconf 86' lang='lat' dir='ltr'>deinde</span> <span class='ocrx_word' id='word_1_64' title='bbox 524 912 697 950; x_wconf 79' lang='lat' dir='ltr'>Athenas</span> <span class='ocrx_word' id='word_1_65' title='bbox 737 913 900 963; x_wconf 83' lang='lat' dir='ltr'>petierat</span> <span class='ocrx_word' id='word_1_66' title='bbox 944 916 1059 962; x_wconf 84' lang='lat' dir='ltr'>atque</span> <span class='ocrx_word' id='word_1_67' title='bbox 1100 912 1218 949; x_wconf 87' lang='lat' dir='ltr'>etiam</span> <span class='ocrx_word' id='word_1_68' title='bbox 1259 910 1458 949; x_wconf 86' lang='lat' dir='ltr'>doctrinae</span> <span class='ocrx_word' id='word_1_69' title='bbox 1497 915 1721 961; x_wconf 82' lang='lat' dir='ltr'>uacauerat,</span> 
     </span>
     <span class='ocr_line' id='line_1_10' title="bbox 180 975 1722 1031; baseline -0.003 -13"><span class='ocrx_word' id='word_1_70' title='bbox 180 981 412 1031; x_wconf 79' lang='lat' dir='ltr'>priusquam</span> <span class='ocrx_word' id='word_1_71' title='bbox 451 990 523 1029; x_wconf 90' lang='lat' dir='ltr'>per</span> <span class='ocrx_word' id='word_1_72' title='bbox 560 977 724 1015; x_wconf 87' lang='lat' dir='ltr'>militiae</span> <span class='ocrx_word' id='word_1_73' title='bbox 769 978 896 1016; x_wconf 84' lang='lat' dir='ltr'>officia</span> <span class='ocrx_word' id='word_1_74' title='bbox 941 978 1152 1027; x_wconf 89' lang='lat' dir='ltr'>imperium</span> <span class='ocrx_word' id='word_1_75' title='bbox 1199 977 1408 1027; x_wconf 87' lang='lat' dir='ltr'>arriperet,</span> <span class='ocrx_word' id='word_1_76' title='bbox 1454 975 1558 1026; x_wconf 89' lang='lat' dir='ltr'>quod</span> <span class='ocrx_word' id='word_1_77' title='bbox 1603 976 1722 1014; x_wconf 87' lang='lat' dir='ltr'>armis</span> 
     </span>
     <span class='ocr_line' id='line_1_11' title="bbox 181 1038 1722 1095; baseline -0.003 -12"><span class='ocrx_word' id='word_1_78' title='bbox 181 1050 416 1095; x_wconf 83' lang='lat' dir='ltr'>occupatum</span> <span class='ocrx_word' id='word_1_79' title='bbox 455 1049 499 1082; x_wconf 84' lang='lat' dir='ltr'>ut</span> <span class='ocrx_word' id='word_1_80' title='bbox 539 1045 655 1081; x_wconf 87' lang='lat' dir='ltr'>etiam</span> <span class='ocrx_word' id='word_1_81' title='bbox 696 1043 838 1081; x_wconf 87' lang='lat' dir='ltr'>litteris</span> <span class='ocrx_word' id='word_1_82' title='bbox 878 1044 1148 1092; x_wconf 86' lang='lat' dir='ltr'>confirmaret,</span> <span class='ocrx_word' id='word_1_83' title='bbox 1182 1039 1252 1080; x_wconf 70' lang='lat' dir='ltr'>tDe</span> <span class='ocrx_word' id='word_1_84' title='bbox 1296 1043 1377 1080; x_wconf 85' lang='lat' dir='ltr'>uita</span> <span class='ocrx_word' id='word_1_85' title='bbox 1424 1038 1509 1079; x_wconf 84' lang='lat' dir='ltr'>sua&#39;</span> <span class='ocrx_word' id='word_1_86' title='bbox 1550 1042 1722 1092; x_wconf 86' lang='lat' dir='ltr'>scripsit,</span> 
     </span>
     <span class='ocr_line' id='line_1_12' title="bbox 182 1106 1722 1161; baseline -0.003 -12"><span class='ocrx_word' id='word_1_87' title='bbox 182 1123 279 1161; x_wconf 81' lang='lat' dir='ltr'>quos</span> <span class='ocrx_word' id='word_1_88' title='bbox 326 1109 448 1148; x_wconf 90' lang='lat' dir='ltr'>libros</span> <span class='ocrx_word' id='word_1_89' title='bbox 500 1114 662 1159; x_wconf 87' lang='lat' dir='ltr'>propter</span> <span class='ocrx_word' id='word_1_90' title='bbox 713 1108 830 1147; x_wconf 87' lang='lat' dir='ltr'>fidem</span> <span class='ocrx_word' id='word_1_91' title='bbox 881 1107 1043 1146; x_wconf 83' lang='lat' dir='ltr'>laudant</span> <span class='ocrx_word' id='word_1_92' title='bbox 1088 1107 1319 1158; x_wconf 81' lang='lat' dir='ltr'>Spartianus</span> <span class='ocrx_word' id='word_1_93' title='bbox 1359 1108 1448 1153; x_wconf 77' lang='lat' dir='ltr'>(uit.</span> <span class='ocrx_word' id='word_1_94' title='bbox 1484 1106 1557 1155; x_wconf 85' lang='grc'>18,</span> <span class='ocrx_word' id='word_1_95' title='bbox 1591 1107 1636 1154; x_wconf 81' lang='lat'>6)</span> <span class='ocrx_word' id='word_1_96' title='bbox 1683 1111 1722 1144; x_wconf 86' lang='lat' dir='ltr'>et</span> 
     </span>
     <span class='ocr_line' id='line_1_13' title="bbox 182 1173 1721 1224; baseline -0.003 -10"><span class='ocrx_word' id='word_1_97' title='bbox 182 1175 365 1214; x_wconf 82' lang='lat' dir='ltr'>Aurelius</span> <span class='ocrx_word' id='word_1_98' title='bbox 392 1175 525 1213; x_wconf 77' lang='lat' dir='ltr'>Victor</span> <span class='ocrx_word' id='word_1_99' title='bbox 552 1175 688 1221; x_wconf 76' lang='lat' dir='ltr'>(Caes.</span> <span class='ocrx_word' id='word_1_100' title='bbox 710 1174 778 1222; x_wconf 82' lang='lat'>20,</span> <span class='ocrx_word' id='word_1_101' title='bbox 800 1174 856 1211; x_wconf 89' lang='grc'>22</span> <span class='ocrx_word' id='word_1_102' title='bbox 879 1204 888 1224; x_wconf 91' lang='grc'><strong>,</strong></span> <span class='ocrx_word' id='word_1_103' title='bbox 922 1173 986 1211; x_wconf 85' lang='lat' dir='ltr'>hic</span> <span class='ocrx_word' id='word_1_104' title='bbox 1021 1174 1137 1211; x_wconf 87' lang='lat' dir='ltr'>etiam</span> <span class='ocrx_word' id='word_1_105' title='bbox 1170 1177 1333 1223; x_wconf 83' lang='lat' dir='ltr'>propter</span> <span class='ocrx_word' id='word_1_106' title='bbox 1364 1177 1557 1210; x_wconf 87' lang='lat' dir='ltr'>ornatum.</span> <span class='ocrx_word' id='word_1_107' title='bbox 1604 1176 1721 1222; x_wconf 84' lang='lat' dir='ltr'>atque</span> 
     </span>
     <span class='ocr_line' id='line_1_14' title="bbox 181 1236 1722 1291; baseline -0.003 -12"><span class='ocrx_word' id='word_1_108' title='bbox 181 1241 274 1279; x_wconf 82' lang='lat' dir='ltr'>huic</span> <span class='ocrx_word' id='word_1_109' title='bbox 307 1240 467 1291; x_wconf 83' lang='lat' dir='ltr'>quidem</span> <span class='ocrx_word' id='word_1_110' title='bbox 501 1240 575 1277; x_wconf 89' lang='lat' dir='ltr'>arti</span> <span class='ocrx_word' id='word_1_111' title='bbox 609 1238 791 1277; x_wconf 90' lang='lat' dir='ltr'>nolumus</span> <span class='ocrx_word' id='word_1_112' title='bbox 825 1238 1066 1288; x_wconf 73' lang='lat' dir='ltr'>obtrectare,</span> <span class='ocrx_word' id='word_1_113' title='bbox 1099 1250 1228 1289; x_wconf 85' lang='lat' dir='ltr'>neque</span> <span class='ocrx_word' id='word_1_114' title='bbox 1262 1239 1368 1276; x_wconf 89' lang='lat' dir='ltr'>enim</span> <span class='ocrx_word' id='word_1_115' title='bbox 1400 1236 1522 1275; x_wconf 90' lang='lat' dir='ltr'>uerba</span> <span class='ocrx_word' id='word_1_116' title='bbox 1555 1238 1642 1288; x_wconf 89' lang='lat' dir='ltr'>ipsa</span> <span class='ocrx_word' id='word_1_117' title='bbox 1674 1236 1722 1275; x_wconf 90' lang='lat' dir='ltr'>ad</span> 
     </span>
     <span class='ocr_line' id='line_1_15' title="bbox 181 1302 1722 1357; baseline -0.003 -12"><span class='ocrx_word' id='word_1_118' title='bbox 181 1320 252 1345; x_wconf 88' lang='lat' dir='ltr'>nos</span> <span class='ocrx_word' id='word_1_119' title='bbox 292 1310 574 1357; x_wconf 84' lang='lat' dir='ltr'>peruenerunt,</span> <span class='ocrx_word' id='word_1_120' title='bbox 612 1310 657 1343; x_wconf 87' lang='lat' dir='ltr'>ut</span> <span class='ocrx_word' id='word_1_121' title='bbox 695 1317 743 1343; x_wconf 89' lang='lat' dir='ltr'>ne</span> <span class='ocrx_word' id='word_1_122' title='bbox 779 1304 993 1343; x_wconf 84' lang='lat' dir='ltr'>decernere</span> <span class='ocrx_word' id='word_1_123' title='bbox 1027 1303 1188 1354; x_wconf 87' lang='lat' dir='ltr'>quidem</span> <span class='ocrx_word' id='word_1_124' title='bbox 1220 1305 1436 1354; x_wconf 88' lang='lat' dir='ltr'>possimus,</span> <span class='ocrx_word' id='word_1_125' title='bbox 1468 1308 1557 1341; x_wconf 85' lang='lat' dir='ltr'>utra</span> <span class='ocrx_word' id='word_1_126' title='bbox 1590 1302 1722 1353; x_wconf 79' lang='lat' dir='ltr'>lingua</span> 
     </span>
     <span class='ocr_line' id='line_1_16' title="bbox 181 1367 1722 1424; baseline -0.003 -14"><span class='ocrx_word' id='word_1_127' title='bbox 181 1384 276 1411; x_wconf 85' lang='lat' dir='ltr'>usus</span> <span class='ocrx_word' id='word_1_128' title='bbox 310 1373 378 1424; x_wconf 68' lang='lat' dir='ltr'>sit,</span> <span class='ocrx_word' id='word_1_129' title='bbox 413 1370 510 1409; x_wconf 86' lang='lat' dir='ltr'>tides</span> <span class='ocrx_word' id='word_1_130' title='bbox 542 1376 674 1409; x_wconf 81' lang='lat' dir='ltr'>tamen</span> <span class='ocrx_word' id='word_1_131' title='bbox 707 1369 917 1408; x_wconf 88' lang='lat' dir='ltr'>admodum</span> <span class='ocrx_word' id='word_1_132' title='bbox 953 1369 1068 1407; x_wconf 90' lang='lat' dir='ltr'>dubia</span> <span class='ocrx_word' id='word_1_133' title='bbox 1103 1376 1163 1407; x_wconf 83' lang='grc'>051</span> <span class='ocrx_word' id='word_1_134' title='bbox 1195 1370 1391 1419; x_wconf 83' lang='lat' dir='ltr'>etiamque</span> <span class='ocrx_word' id='word_1_135' title='bbox 1419 1367 1466 1406; x_wconf 88' lang='lat' dir='ltr'>ab</span> <span class='ocrx_word' id='word_1_136' title='bbox 1493 1369 1578 1419; x_wconf 90' lang='lat' dir='ltr'>ipso</span> <span class='ocrx_word' id='word_1_137' title='bbox 1606 1368 1722 1419; x_wconf 87' lang='lat' dir='ltr'>Spar-</span> 
     </span>
     <span class='ocr_line' id='line_1_17' title="bbox 182 1432 1722 1486; baseline -0.003 -11"><span class='ocrx_word' id='word_1_138' title='bbox 182 1439 287 1476; x_wconf 86' lang='lat' dir='ltr'>tiano</span> <span class='ocrx_word' id='word_1_139' title='bbox 321 1437 582 1486; x_wconf 74' lang='lat' dir='ltr'>imminuitur,</span> <span class='ocrx_word' id='word_1_140' title='bbox 617 1448 706 1474; x_wconf 91' lang='lat' dir='ltr'>cum</span> <span class='ocrx_word' id='word_1_141' title='bbox 740 1434 848 1474; x_wconf 83' lang='lat' dir='ltr'>addit</span> <span class='ocrx_word' id='word_1_142' title='bbox 881 1432 1022 1473; x_wconf 82' lang='lat' dir='ltr'>‘solum</span> <span class='ocrx_word' id='word_1_143' title='bbox 1057 1440 1187 1473; x_wconf 85' lang='lat' dir='ltr'>tamen</span> <span class='ocrx_word' id='word_1_144' title='bbox 1214 1435 1356 1472; x_wconf 85' lang='lat' dir='ltr'>uitium</span> <span class='ocrx_word' id='word_1_145' title='bbox 1384 1433 1629 1472; x_wconf 84' lang='lat' dir='ltr'>crudelitatis</span> <span class='ocrx_word' id='word_1_146' title='bbox 1658 1445 1722 1471; x_wconf 83' lang='lat' dir='ltr'>ex-</span> 
     </span>
     <span class='ocr_line' id='line_1_18' title="bbox 184 1499 1722 1553; baseline -0.003 -12"><span class='ocrx_word' id='word_1_147' title='bbox 184 1501 355 1553; x_wconf 65' lang='lat' dir='ltr'>cusans&#39;,</span> <span class='ocrx_word' id='word_1_148' title='bbox 389 1504 411 1540; x_wconf 92' lang='lat' dir='ltr'>i.</span> <span class='ocrx_word' id='word_1_149' title='bbox 441 1514 472 1540; x_wconf 91' lang='lat' dir='ltr'>e.</span> <span class='ocrx_word' id='word_1_150' title='bbox 501 1501 686 1540; x_wconf 83' lang='lat' dir='ltr'>refellens</span> <span class='ocrx_word' id='word_1_151' title='bbox 720 1502 849 1548; x_wconf 76' lang='lat' dir='ltr'>(Pleu)</span> <span class='ocrx_word' id='word_1_152' title='bbox 888 1501 1271 1549; x_wconf 73' lang='lat' dir='ltr'>Ouellemmlers.p.</span> <span class='ocrx_word' id='word_1_153' title='bbox 1299 1499 1355 1538; x_wconf 83' lang='grc'>28</span> <span class='ocrx_word' id='word_1_154' title='bbox 1375 1500 1464 1550; x_wconf 62' lang='grc' dir='ltr'>δᾳ),</span> <span class='ocrx_word' id='word_1_155' title='bbox 1497 1512 1572 1550; x_wconf 87' lang='lat' dir='ltr'>qua</span> <span class='ocrx_word' id='word_1_156' title='bbox 1606 1511 1722 1537; x_wconf 85' lang='lat' dir='ltr'>excu-</span> 
     </span>
     <span class='ocr_line' id='line_1_19' title="bbox 184 1563 1723 1617; baseline -0.003 -11"><span class='ocrx_word' id='word_1_157' title='bbox 184 1570 333 1607; x_wconf 80' lang='lat' dir='ltr'>satione</span> <span class='ocrx_word' id='word_1_158' title='bbox 368 1568 537 1606; x_wconf 84' lang='lat' dir='ltr'>maxime</span> <span class='ocrx_word' id='word_1_159' title='bbox 565 1579 664 1617; x_wconf 90' lang='lat' dir='ltr'>opus</span> <span class='ocrx_word' id='word_1_160' title='bbox 691 1567 765 1604; x_wconf 87' lang='lat' dir='ltr'>fuit</span> <span class='ocrx_word' id='word_1_161' title='bbox 790 1567 830 1604; x_wconf 91' lang='lat' dir='ltr'>in</span> <span class='ocrx_word' id='word_1_162' title='bbox 860 1565 1103 1604; x_wconf 86' lang='lat' dir='ltr'>debellandis</span> <span class='ocrx_word' id='word_1_163' title='bbox 1129 1565 1347 1603; x_wconf 89' lang='lat' dir='ltr'>Pescennio</span> <span class='ocrx_word' id='word_1_164' title='bbox 1374 1564 1495 1615; x_wconf 82' lang='lat' dir='ltr'>Nigro</span> <span class='ocrx_word' id='word_1_165' title='bbox 1523 1569 1561 1602; x_wconf 80' lang='grc'>01</span> <span class='ocrx_word' id='word_1_166' title='bbox 1588 1563 1723 1602; x_wconf 89' lang='lat' dir='ltr'>Clodio</span> 
     </span>
     <span class='ocr_line' id='line_1_20' title="bbox 182 1627 1722 1683; baseline -0.003 -12"><span class='ocrx_word' id='word_1_167' title='bbox 182 1633 334 1672; x_wconf 82' lang='lat' dir='ltr'>Albino.</span> <span class='ocrx_word' id='word_1_168' title='bbox 386 1634 519 1683; x_wconf 80' lang='lat' dir='ltr'>itaque</span> <span class='ocrx_word' id='word_1_169' title='bbox 554 1631 712 1670; x_wconf 88' lang='lat' dir='ltr'>Cassius</span> <span class='ocrx_word' id='word_1_170' title='bbox 752 1631 822 1669; x_wconf 91' lang='lat' dir='ltr'>Dio</span> <span class='ocrx_word' id='word_1_171' title='bbox 861 1631 979 1670; x_wconf 91' lang='lat' dir='ltr'>huius</span> <span class='ocrx_word' id='word_1_172' title='bbox 1018 1636 1186 1669; x_wconf 87' lang='lat' dir='ltr'>mortem</span> <span class='ocrx_word' id='word_1_173' title='bbox 1219 1642 1385 1669; x_wconf 89' lang='lat' dir='ltr'>narrans</span> <span class='ocrx_word' id='word_1_174' title='bbox 1419 1627 1542 1680; x_wconf 75' lang='grc' dir='ltr'><strong>λέγω,</strong></span> <span class='ocrx_word' id='word_1_175' title='bbox 1582 1630 1722 1680; x_wconf 85' lang='lat' dir='ltr'>inquit,</span> 
     </span>
     <span class='ocr_line' id='line_1_21' title="bbox 183 1691 1722 1751; baseline -0.004 -13"><span class='ocrx_word' id='word_1_176' title='bbox 183 1697 263 1751; x_wconf 80' lang='grc' dir='ltr'>οὐχ</span> <span class='ocrx_word' id='word_1_177' title='bbox 285 1696 366 1738; x_wconf 81' lang='grc' dir='ltr'>ὅσα</span> <span class='ocrx_word' id='word_1_178' title='bbox 388 1695 409 1737; x_wconf 91' lang='grc' dir='ltr'>ὁ</span> <span class='ocrx_word' id='word_1_179' title='bbox 432 1698 659 1749; x_wconf 77' lang='grc' dir='ltr'><strong><em>Σεουῆρος</em></strong></span> <span class='ocrx_word' id='word_1_180' title='bbox 681 1697 870 1748; x_wconf 75' lang='grc' dir='ltr'><em>ἔγραψεν</em></span> <span class='ocrx_word' id='word_1_181' title='bbox 891 1692 984 1736; x_wconf 77' lang='grc' dir='ltr'>ἀλλ’</span> <span class='ocrx_word' id='word_1_182' title='bbox 1013 1694 1093 1735; x_wconf 84' lang='grc' dir='ltr'>ὅσα</span> <span class='ocrx_word' id='word_1_183' title='bbox 1115 1693 1292 1747; x_wconf 72' lang='grc' dir='ltr'><em>ἀληθῶς</em></span> <span class='ocrx_word' id='word_1_184' title='bbox 1313 1691 1485 1746; x_wconf 76' lang='grc' dir='ltr'><strong><em>ἐγένετο</em></strong></span> <span class='ocrx_word' id='word_1_185' title='bbox 1505 1696 1594 1746; x_wconf 83' lang='lat'>(75,</span> <span class='ocrx_word' id='word_1_186' title='bbox 1612 1695 1647 1745; x_wconf 86' lang='lat'>7,</span> <span class='ocrx_word' id='word_1_187' title='bbox 1663 1696 1722 1742; x_wconf 81' lang='lat'>3).</span> 
     </span>
     <span class='ocr_line' id='line_1_22' title="bbox 184 1760 1721 1814; baseline -0.003 -11"><span class='ocrx_word' id='word_1_188' title='bbox 184 1764 253 1803; x_wconf 89' lang='lat' dir='ltr'>sed</span> <span class='ocrx_word' id='word_1_189' title='bbox 286 1776 419 1802; x_wconf 89' lang='lat' dir='ltr'>mores</span> <span class='ocrx_word' id='word_1_190' title='bbox 453 1775 608 1814; x_wconf 88' lang='grc'><strong>1111011110</strong></span> <span class='ocrx_word' id='word_1_191' title='bbox 643 1775 780 1801; x_wconf 86' lang='lat' dir='ltr'>eorum</span> <span class='ocrx_word' id='word_1_192' title='bbox 813 1763 1048 1813; x_wconf 80' lang='lat' dir='ltr'>grauissime</span> <span class='ocrx_word' id='word_1_193' title='bbox 1081 1763 1286 1799; x_wconf 84' lang='lat' dir='ltr'>insecutus</span> <span class='ocrx_word' id='word_1_194' title='bbox 1313 1766 1369 1799; x_wconf 89' lang='lat' dir='ltr'>est</span> <span class='ocrx_word' id='word_1_195' title='bbox 1400 1761 1475 1810; x_wconf 79' lang='lat' dir='ltr'>(fr,</span> <span class='ocrx_word' id='word_1_196' title='bbox 1496 1761 1535 1798; x_wconf 86' lang='grc'>2.</span> <span class='ocrx_word' id='word_1_197' title='bbox 1557 1760 1595 1799; x_wconf 87' lang='grc'>3.</span> <span class='ocrx_word' id='word_1_198' title='bbox 1616 1761 1654 1798; x_wconf 83' lang='lat'>5.</span> <span class='ocrx_word' id='word_1_199' title='bbox 1677 1760 1721 1807; x_wconf 81' lang='lat'>6)</span> 
     </span>
     <span class='ocr_line' id='line_1_23' title="bbox 184 1825 1724 1881; baseline -0.003 -13"><span class='ocrx_word' id='word_1_200' title='bbox 184 1831 325 1881; x_wconf 82' lang='lat' dir='ltr'>iusque</span> <span class='ocrx_word' id='word_1_201' title='bbox 355 1842 470 1868; x_wconf 91' lang='lat' dir='ltr'>suum</span> <span class='ocrx_word' id='word_1_202' title='bbox 498 1829 617 1867; x_wconf 89' lang='lat' dir='ltr'>etiam</span> <span class='ocrx_word' id='word_1_203' title='bbox 644 1829 820 1866; x_wconf 90' lang='lat' dir='ltr'>ominum</span> <span class='ocrx_word' id='word_1_204' title='bbox 847 1826 1102 1866; x_wconf 84' lang='lat' dir='ltr'>multitudiue</span> <span class='ocrx_word' id='word_1_205' title='bbox 1131 1826 1322 1865; x_wconf 85' lang='lat' dir='ltr'>stabiliuit</span> <span class='ocrx_word' id='word_1_206' title='bbox 1349 1826 1419 1876; x_wconf 85' lang='lat' dir='ltr'>(fr.</span> <span class='ocrx_word' id='word_1_207' title='bbox 1443 1827 1501 1877; x_wconf 77' lang='lat'>1),</span> <span class='ocrx_word' id='word_1_208' title='bbox 1527 1825 1724 1876; x_wconf 88' lang='lat' dir='ltr'>idemque,</span> 
     </span>
     <span class='ocr_line' id='line_1_24' title="bbox 182 1886 1723 1944; baseline -0.003 -10"><span class='ocrx_word' id='word_1_209' title='bbox 182 1902 227 1934; x_wconf 85' lang='lat' dir='ltr'>ut</span> <span class='ocrx_word' id='word_1_210' title='bbox 267 1894 322 1933; x_wconf 81' lang='lat' dir='ltr'>‘in</span> <span class='ocrx_word' id='word_1_211' title='bbox 369 1895 533 1933; x_wconf 85' lang='lat' dir='ltr'>historia</span> <span class='ocrx_word' id='word_1_212' title='bbox 577 1895 683 1932; x_wconf 82' lang='lat' dir='ltr'>uitae</span> <span class='ocrx_word' id='word_1_213' title='bbox 728 1890 922 1944; x_wconf 76' lang='lat' dir='ltr'>priuatae’</span> <span class='ocrx_word' id='word_1_214' title='bbox 959 1892 1004 1930; x_wconf 87' lang='lat' dir='ltr'>de</span> <span class='ocrx_word' id='word_1_215' title='bbox 1051 1893 1183 1943; x_wconf 88' lang='lat' dir='ltr'>priore</span> <span class='ocrx_word' id='word_1_216' title='bbox 1227 1904 1349 1930; x_wconf 86' lang='lat' dir='ltr'>uxore</span> <span class='ocrx_word' id='word_1_217' title='bbox 1395 1891 1590 1930; x_wconf 84' lang='lat' dir='ltr'>Marciana</span> <span class='ocrx_word' id='word_1_218' title='bbox 1630 1886 1723 1944; x_wconf 80' lang='lat' dir='ltr'>(hoc</span> 
     </span>
     <span class='ocr_line' id='line_1_25' title="bbox 185 1953 1723 2011; baseline -0.003 -12"><span class='ocrx_word' id='word_1_219' title='bbox 185 1963 290 2000; x_wconf 89' lang='lat' dir='ltr'>enim</span> <span class='ocrx_word' id='word_1_220' title='bbox 330 1973 471 1999; x_wconf 91' lang='lat' dir='ltr'>uerum</span> <span class='ocrx_word' id='word_1_221' title='bbox 510 1971 653 1997; x_wconf 90' lang='lat' dir='ltr'>nomen</span> <span class='ocrx_word' id='word_1_222' title='bbox 693 1959 783 2008; x_wconf 85' lang='lat' dir='ltr'>fuit,</span> <span class='ocrx_word' id='word_1_223' title='bbox 823 1970 901 1996; x_wconf 91' lang='grc'><strong>11011</strong></span> <span class='ocrx_word' id='word_1_224' title='bbox 941 1953 1105 2011; x_wconf 76' lang='lat' dir='ltr'>Marcia)</span> <span class='ocrx_word' id='word_1_225' title='bbox 1146 1962 1295 1996; x_wconf 81' lang='lat' dir='ltr'>taceret</span> <span class='ocrx_word' id='word_1_226' title='bbox 1333 1958 1424 2004; x_wconf 69' lang='lat' dir='ltr'>(uit.</span> <span class='ocrx_word' id='word_1_227' title='bbox 1451 1958 1490 2005; x_wconf 83' lang='lat'>3,</span> <span class='ocrx_word' id='word_1_228' title='bbox 1517 1958 1576 2007; x_wconf 81' lang='lat'>2),</span> <span class='ocrx_word' id='word_1_229' title='bbox 1617 1960 1723 1995; x_wconf 85' lang='lat' dir='ltr'>certa</span> 
     </span>
     <span class='ocr_line' id='line_1_26' title="bbox 185 2022 1722 2074; baseline -0.003 -10"><span class='ocrx_word' id='word_1_230' title='bbox 185 2038 301 2064; x_wconf 80' lang='lat' dir='ltr'>causa</span> <span class='ocrx_word' id='word_1_231' title='bbox 342 2025 534 2063; x_wconf 83' lang='lat' dir='ltr'>adductus</span> <span class='ocrx_word' id='word_1_232' title='bbox 573 2029 650 2074; x_wconf 85' lang='lat' dir='ltr'>est,</span> <span class='ocrx_word' id='word_1_233' title='bbox 688 2036 778 2062; x_wconf 89' lang='lat' dir='ltr'>nam</span> <span class='ocrx_word' id='word_1_234' title='bbox 818 2024 913 2062; x_wconf 90' lang='lat' dir='ltr'>haec</span> <span class='ocrx_word' id='word_1_235' title='bbox 947 2024 981 2061; x_wconf 87' lang='lat' dir='ltr'>ei</span> <span class='ocrx_word' id='word_1_236' title='bbox 1017 2023 1116 2061; x_wconf 83' lang='lat' dir='ltr'>filias</span> <span class='ocrx_word' id='word_1_237' title='bbox 1149 2028 1376 2073; x_wconf 87' lang='lat' dir='ltr'>pepererat,</span> <span class='ocrx_word' id='word_1_238' title='bbox 1409 2022 1522 2073; x_wconf 86' lang='lat' dir='ltr'>filios,</span> <span class='ocrx_word' id='word_1_239' title='bbox 1555 2033 1722 2073; x_wconf 88' lang='lat' dir='ltr'>quorum</span> 
     </span>
     <span class='ocr_line' id='line_1_27' title="bbox 185 2087 1723 2142; baseline -0.004 -12"><span class='ocrx_word' id='word_1_240' title='bbox 185 2104 329 2142; x_wconf 80' lang='lat' dir='ltr'>genere</span> <span class='ocrx_word' id='word_1_241' title='bbox 376 2090 618 2141; x_wconf 81' lang='lat' dir='ltr'>gloriabatur</span> <span class='ocrx_word' id='word_1_242' title='bbox 663 2091 764 2136; x_wconf 77' lang='lat' dir='ltr'>(uid.</span> <span class='ocrx_word' id='word_1_243' title='bbox 800 2090 906 2128; x_wconf 70' lang='lat' dir='ltr'>Aelii</span> <span class='ocrx_word' id='word_1_244' title='bbox 946 2089 1088 2127; x_wconf 77' lang='lat' dir='ltr'>Mauri</span> <span class='ocrx_word' id='word_1_245' title='bbox 1121 2088 1196 2138; x_wconf 81' lang='lat' dir='ltr'>fr.)</span> <span class='ocrx_word' id='word_1_246' title='bbox 1243 2087 1383 2138; x_wconf 89' lang='lat' dir='ltr'>altera,</span> <span class='ocrx_word' id='word_1_247' title='bbox 1428 2087 1524 2126; x_wconf 88' lang='lat' dir='ltr'>Iulia</span> <span class='ocrx_word' id='word_1_248' title='bbox 1575 2087 1723 2125; x_wconf 85' lang='lat' dir='ltr'>Domna</span> 
     </span>
     <span class='ocr_line' id='line_1_28' title="bbox 186 2155 810 2204; baseline 0 -12"><span class='ocrx_word' id='word_1_249' title='bbox 186 2158 347 2203; x_wconf 71' lang='lat' dir='ltr'>(Gesch.</span> <span class='ocrx_word' id='word_1_250' title='bbox 377 2156 470 2194; x_wconf 71' lang='lat' dir='ltr'>Litt.</span> <span class='ocrx_word' id='word_1_251' title='bbox 499 2156 525 2193; x_wconf 90' lang='lat' dir='ltr'><em>I</em></span> <span class='ocrx_word' id='word_1_252' title='bbox 543 2168 586 2204; x_wconf 72' lang='lat' dir='ltr'>p.</span> <span class='ocrx_word' id='word_1_253' title='bbox 615 2155 702 2193; x_wconf 83' lang='lat'>375</span> <span class='ocrx_word' id='word_1_254' title='bbox 721 2156 810 2203; x_wconf 58' lang='lat' dir='ltr'>sq).</span> 
     </span>
    </p>

    <p class='ocr_par' dir='ltr' id='par_1_6' title="bbox 186 2217 1723 2404">
     <span class='ocr_line' id='line_1_29' title="bbox 304 2217 1723 2270; baseline -0.003 -11"><span class='ocrx_word' id='word_1_255' title='bbox 304 2222 419 2260; x_wconf 87' lang='lat' dir='ltr'>Plura</span> <span class='ocrx_word' id='word_1_256' title='bbox 461 2220 506 2259; x_wconf 93' lang='lat' dir='ltr'>de</span> <span class='ocrx_word' id='word_1_257' title='bbox 547 2222 631 2259; x_wconf 88' lang='grc'><strong>01115</strong></span> <span class='ocrx_word' id='word_1_258' title='bbox 669 2220 835 2258; x_wconf 85' lang='lat' dir='ltr'>historia</span> <span class='ocrx_word' id='word_1_259' title='bbox 874 2232 944 2270; x_wconf 90' lang='lat' dir='ltr'>pro</span> <span class='ocrx_word' id='word_1_260' title='bbox 984 2225 1091 2257; x_wconf 86' lang='lat' dir='ltr'>certo</span> <span class='ocrx_word' id='word_1_261' title='bbox 1132 2230 1278 2270; x_wconf 89' lang='lat' dir='ltr'>ponere</span> <span class='ocrx_word' id='word_1_262' title='bbox 1317 2230 1393 2256; x_wconf 90' lang='lat' dir='ltr'>non</span> <span class='ocrx_word' id='word_1_263' title='bbox 1433 2217 1537 2255; x_wconf 87' lang='lat' dir='ltr'>licet.</span> <span class='ocrx_word' id='word_1_264' title='bbox 1594 2229 1723 2267; x_wconf 90' lang='lat' dir='ltr'>neque</span> 
     </span>
     <span class='ocr_line' id='line_1_30' title="bbox 186 2281 1723 2336; baseline -0.004 -11"><span class='ocrx_word' id='word_1_265' title='bbox 186 2289 292 2326; x_wconf 87' lang='lat' dir='ltr'>enim</span> <span class='ocrx_word' id='word_1_266' title='bbox 327 2288 542 2336; x_wconf 74' lang='lat' dir='ltr'>fragmenta</span> <span class='ocrx_word' id='word_1_267' title='bbox 576 2285 678 2324; x_wconf 84' lang='lat' dir='ltr'>ultra</span> <span class='ocrx_word' id='word_1_268' title='bbox 716 2286 843 2323; x_wconf 87' lang='lat' dir='ltr'>uictos</span> <span class='ocrx_word' id='word_1_269' title='bbox 884 2290 1069 2335; x_wconf 73' lang='lat' dir='ltr'>tyrannos</span> <span class='ocrx_word' id='word_1_270' title='bbox 1108 2285 1320 2335; x_wconf 81' lang='lat' dir='ltr'>pertinent,</span> <span class='ocrx_word' id='word_1_271' title='bbox 1361 2282 1407 2321; x_wconf 92' lang='lat' dir='ltr'>de</span> <span class='ocrx_word' id='word_1_272' title='bbox 1447 2294 1522 2333; x_wconf 89' lang='lat' dir='ltr'>qua</span> <span class='ocrx_word' id='word_1_273' title='bbox 1565 2281 1723 2333; x_wconf 84' lang='lat' dir='ltr'>quidem</span> 
     </span>
     <span class='ocr_line' id='line_1_31' title="bbox 187 2347 1723 2404; baseline -0.005 -13"><span class='ocrx_word' id='word_1_274' title='bbox 187 2359 295 2404; x_wconf 81' lang='lat' dir='ltr'>parte</span> <span class='ocrx_word' id='word_1_275' title='bbox 347 2353 451 2390; x_wconf 84' lang='lat' dir='ltr'>uitae</span> <span class='ocrx_word' id='word_1_276' title='bbox 504 2352 744 2402; x_wconf 85' lang='lat' dir='ltr'>posteriores</span> <span class='ocrx_word' id='word_1_277' title='bbox 793 2352 1008 2401; x_wconf 79' lang='lat' dir='ltr'>scriptores</span> <span class='ocrx_word' id='word_1_278' title='bbox 1053 2350 1221 2388; x_wconf 84' lang='lat' dir='ltr'>maxime</span> <span class='ocrx_word' id='word_1_279' title='bbox 1267 2347 1478 2398; x_wconf 84' lang='lat' dir='ltr'>habebant,</span> <span class='ocrx_word' id='word_1_280' title='bbox 1524 2359 1594 2386; x_wconf 91' lang='lat' dir='ltr'>cur</span> <span class='ocrx_word' id='word_1_281' title='bbox 1638 2359 1723 2385; x_wconf 87' lang='lat' dir='ltr'>eam</span> 
     </span>
    </p>
   </div>
   <div class='ocr_carea' id='block_1_6' title="bbox 187 2496 1725 2864">
    <p class='ocr_par' dir='ltr' id='par_1_7' title="bbox 187 2496 1725 2864">
     <span class='ocr_line' id='line_1_32' title="bbox 309 2496 1725 2546; baseline -0.004 -11"><span class='ocrx_word' id='word_1_282' title='bbox 309 2504 340 2545; x_wconf 57' lang='lat'>12»</span> <span class='ocrx_word' id='word_1_283' title='bbox 368 2503 609 2546; x_wconf 73' lang='lat' dir='ltr'>Apuleium</span> <span class='ocrx_word' id='word_1_284' title='bbox 640 2503 681 2535; x_wconf 75' lang='lat' dir='ltr'>z&#39;n</span> <span class='ocrx_word' id='word_1_285' title='bbox 707 2502 871 2545; x_wconf 77' lang='lat' dir='ltr'>epitomis</span> <span class='ocrx_word' id='word_1_286' title='bbox 895 2500 1134 2534; x_wconf 73' lang='lat' dir='ltr'>historiarum</span> <span class='ocrx_word' id='word_1_287' title='bbox 1160 2497 1373 2532; x_wconf 79' lang='lat' dir='ltr'>Priscianus</span> <span class='ocrx_word' id='word_1_288' title='bbox 1399 2498 1431 2530; x_wconf 90' lang='grc' dir='ltr'>Π</span> <span class='ocrx_word' id='word_1_289' title='bbox 1457 2509 1491 2542; x_wconf 83' lang='lat' dir='ltr'>p.</span> <span class='ocrx_word' id='word_1_290' title='bbox 1513 2500 1581 2532; x_wconf 83' lang='lat'>482</span> <span class='ocrx_word' id='word_1_291' title='bbox 1603 2496 1645 2531; x_wconf 90' lang='grc' dir='ltr'>Κ.</span> <span class='ocrx_word' id='word_1_292' title='bbox 1674 2496 1725 2530; x_wconf 82' lang='grc'>01-</span> 
     </span>
     <span class='ocr_line' id='line_1_33' title="bbox 187 2550 1724 2598; baseline -0.004 -9"><span class='ocrx_word' id='word_1_293' title='bbox 187 2556 285 2589; x_wconf 71' lang='grc'><strong>131111.</strong></span> <span class='ocrx_word' id='word_1_294' title='bbox 322 2557 379 2598; x_wconf 78' lang='lat' dir='ltr'>(ex</span> <span class='ocrx_word' id='word_1_295' title='bbox 419 2554 546 2598; x_wconf 83' lang='lat' dir='ltr'>eisque</span> <span class='ocrx_word' id='word_1_296' title='bbox 581 2555 806 2589; x_wconf 70' lang='lat' dir='ltr'>‘Aeneanica</span> <span class='ocrx_word' id='word_1_297' title='bbox 837 2553 953 2598; x_wconf 59' lang='grc' dir='ltr'>(μηδ’)</span> <span class='ocrx_word' id='word_1_298' title='bbox 993 2553 1225 2596; x_wconf 85' lang='lat' dir='ltr'>eundemque</span> <span class='ocrx_word' id='word_1_299' title='bbox 1261 2552 1315 2585; x_wconf 71' lang='lat' dir='ltr'>‘in</span> <span class='ocrx_word' id='word_1_300' title='bbox 1354 2551 1523 2595; x_wconf 71' lang='lat' dir='ltr'>epitoma’</span> <span class='ocrx_word' id='word_1_301' title='bbox 1558 2550 1632 2594; x_wconf 77' lang='grc' dir='ltr'>ΙΙ).</span> <span class='ocrx_word' id='word_1_302' title='bbox 1655 2553 1724 2584; x_wconf 80' lang='lat'>250</span> 
     </span>
     <span class='ocr_line' id='line_1_34' title="bbox 187 2604 1725 2652; baseline -0.002 -11"><span class='ocrx_word' id='word_1_303' title='bbox 187 2610 248 2643; x_wconf 60' lang='lat' dir='ltr'>(set</span> <span class='ocrx_word' id='word_1_304' title='bbox 275 2620 352 2643; x_wconf 78' lang='lat' dir='ltr'>cum</span> <span class='ocrx_word' id='word_1_305' title='bbox 386 2610 569 2643; x_wconf 62' lang='lat' dir='ltr'>sestertius</span> <span class='ocrx_word' id='word_1_306' title='bbox 595 2608 809 2652; x_wconf 74' lang='lat' dir='ltr'>dipondium</span> <span class='ocrx_word' id='word_1_307' title='bbox 837 2607 1030 2649; x_wconf 59' lang='lat' dir='ltr'>semissem,</span> <span class='ocrx_word' id='word_1_308' title='bbox 1063 2607 1260 2650; x_wconf 67' lang='lat' dir='ltr'>quinarius</span> <span class='ocrx_word' id='word_1_309' title='bbox 1285 2605 1523 2649; x_wconf 72' lang='lat' dir='ltr'>qm&#39;nquessis,</span> <span class='ocrx_word' id='word_1_310' title='bbox 1549 2604 1725 2638; x_wconf 73' lang='lat' dir='ltr'>denarius</span> 
     </span>
     <span class='ocr_line' id='line_1_35' title="bbox 188 2656 1724 2704; baseline -0.003 -10"><span class='ocrx_word' id='word_1_311' title='bbox 188 2663 345 2696; x_wconf 71' lang='lat' dir='ltr'>decussis</span> <span class='ocrx_word' id='word_1_312' title='bbox 376 2662 554 2704; x_wconf 70' lang='lat' dir='ltr'>ualebat),</span> <span class='ocrx_word' id='word_1_313' title='bbox 592 2662 691 2695; x_wconf 90' lang='lat' dir='ltr'>unde</span> <span class='ocrx_word' id='word_1_314' title='bbox 731 2660 873 2694; x_wconf 82' lang='lat' dir='ltr'>Schanz</span> <span class='ocrx_word' id='word_1_315' title='bbox 900 2659 968 2693; x_wconf 78' lang='lat'>111²</span> <span class='ocrx_word' id='word_1_316' title='bbox 994 2671 1028 2703; x_wconf 89' lang='lat' dir='ltr'>p.</span> <span class='ocrx_word' id='word_1_317' title='bbox 1053 2663 1119 2693; x_wconf 85' lang='lat'>134</span> <span class='ocrx_word' id='word_1_318' title='bbox 1147 2670 1249 2701; x_wconf 79' lang='lat' dir='ltr'>eum,</span> <span class='ocrx_word' id='word_1_319' title='bbox 1288 2658 1352 2702; x_wconf 80' lang='lat' dir='ltr'>qui</span> <span class='ocrx_word' id='word_1_320' title='bbox 1391 2656 1724 2701; x_wconf 70' lang='lat' dir='ltr'>metamorphoseis</span> 
     </span>
     <span class='ocr_line' id='line_1_36' title="bbox 189 2709 1723 2757; baseline -0.004 -9"><span class='ocrx_word' id='word_1_321' title='bbox 189 2715 304 2757; x_wconf 78' lang='lat' dir='ltr'>finxit,</span> <span class='ocrx_word' id='word_1_322' title='bbox 339 2714 452 2748; x_wconf 70' lang='lat' dir='ltr'>etiam</span> <span class='ocrx_word' id='word_1_323' title='bbox 486 2714 523 2747; x_wconf 84' lang='lat' dir='ltr'>in</span> <span class='ocrx_word' id='word_1_324' title='bbox 556 2714 714 2748; x_wconf 68' lang='lat' dir='ltr'>historia</span> <span class='ocrx_word' id='word_1_325' title='bbox 746 2713 942 2748; x_wconf 79' lang='lat' dir='ltr'>scribenda</span> <span class='ocrx_word' id='word_1_326' title='bbox 975 2715 1166 2747; x_wconf 77' lang='lat' dir='ltr'>uersatum</span> <span class='ocrx_word' id='word_1_327' title='bbox 1199 2723 1278 2746; x_wconf 84' lang='lat' dir='ltr'>esse</span> <span class='ocrx_word' id='word_1_328' title='bbox 1311 2711 1504 2754; x_wconf 73' lang='lat' dir='ltr'>conclusit,</span> <span class='ocrx_word' id='word_1_329' title='bbox 1535 2710 1599 2744; x_wconf 88' lang='lat' dir='ltr'>sed</span> <span class='ocrx_word' id='word_1_330' title='bbox 1625 2709 1723 2743; x_wconf 83' lang='lat' dir='ltr'>malo</span> 
     </span>
     <span class='ocr_line' id='line_1_37' title="bbox 188 2762 1723 2811; baseline -0.004 -9"><span class='ocrx_word' id='word_1_331' title='bbox 188 2769 278 2803; x_wconf 86' lang='lat' dir='ltr'>haec</span> <span class='ocrx_word' id='word_1_332' title='bbox 313 2768 524 2811; x_wconf 77' lang='lat' dir='ltr'>fragmenta</span> <span class='ocrx_word' id='word_1_333' title='bbox 556 2767 593 2801; x_wconf 83' lang='lat' dir='ltr'>in</span> <span class='ocrx_word' id='word_1_334' title='bbox 626 2767 839 2801; x_wconf 75' lang='lat' dir='ltr'>fabularum</span> <span class='ocrx_word' id='word_1_335' title='bbox 871 2766 1147 2800; x_wconf 84' lang='lat' dir='ltr'>romanensium</span> <span class='ocrx_word' id='word_1_336' title='bbox 1180 2776 1332 2799; x_wconf 84' lang='lat' dir='ltr'>numero</span> <span class='ocrx_word' id='word_1_337' title='bbox 1358 2775 1513 2809; x_wconf 77' lang='lat' dir='ltr'>ponere,</span> <span class='ocrx_word' id='word_1_338' title='bbox 1541 2774 1562 2796; x_wconf 77' lang='lat' dir='ltr'>a</span> <span class='ocrx_word' id='word_1_339' title='bbox 1588 2762 1723 2807; x_wconf 87' lang='lat' dir='ltr'>quibus</span> 
     </span>
     <span class='ocr_line' id='line_1_38' title="bbox 189 2818 1525 2864; baseline -0.004 -9"><span class='ocrx_word' id='word_1_340' title='bbox 189 2833 275 2855; x_wconf 82' lang='lat' dir='ltr'>usus</span> <span class='ocrx_word' id='word_1_341' title='bbox 303 2833 337 2855; x_wconf 90' lang='lat' dir='ltr'>u.</span> <span class='ocrx_word' id='word_1_342' title='bbox 369 2820 640 2855; x_wconf 78' lang='lat' dir='ltr'>‘historiarum’</span> <span class='ocrx_word' id='word_1_343' title='bbox 668 2832 741 2854; x_wconf 86' lang='lat' dir='ltr'>non</span> <span class='ocrx_word' id='word_1_344' title='bbox 769 2820 946 2855; x_wconf 72' lang='lat' dir='ltr'>abhorret</span> <span class='ocrx_word' id='word_1_345' title='bbox 973 2819 1116 2864; x_wconf 85' lang='lat' dir='ltr'>(Gesch.</span> <span class='ocrx_word' id='word_1_346' title='bbox 1139 2819 1227 2853; x_wconf 72' lang='lat' dir='ltr'>Litt.</span> <span class='ocrx_word' id='word_1_347' title='bbox 1249 2818 1282 2852; x_wconf 90' lang='grc' dir='ltr'>Π</span> <span class='ocrx_word' id='word_1_348' title='bbox 1308 2830 1342 2863; x_wconf 72' lang='grc'>10,</span> <span class='ocrx_word' id='word_1_349' title='bbox 1366 2821 1433 2851; x_wconf 77' lang='lat'>204</span> <span class='ocrx_word' id='word_1_350' title='bbox 1448 2819 1525 2861; x_wconf 83' lang='lat' dir='ltr'>sq.).</span> 
     </span>
    </p>
   </div>
  </div>
 </body>
</html>
