1842 3133
161 155 188 183 Ι,
489 138 552 171 DE
580 136 885 172 SCRIPTORVM
913 134 1036 169 VITIS
1063 134 1124 168 ET
1152 133 1360 169 SCRIPTIS

163 253 309 290 ciuium
343 250 556 300 cognitioni
591 247 812 287 subiciendi
846 247 1049 285 laudemus
1084 251 1122 284 et
1151 245 1374 296 probemus,
1408 250 1512 283 certa
1542 246 1692 283 ratione

163 317 374 355 destitutus
414 317 517 353 inter
553 319 760 365 praecepta
795 313 1002 362 rhetorica,
1037 324 1135 362 quae
1169 310 1371 360 didicerat,
1405 311 1692 349 curiositatem-

162 395 254 432 que,
300 394 415 431 quan]
461 382 500 418 in
546 380 672 417 Attico
718 378 1001 427 admirabatur,
1047 377 1211 415 fluctuat
1253 382 1291 414 et
1335 388 1423 414 cum
1469 388 1531 413 res
1580 380 1691 414 antea

161 460 300 498 parum
335 446 543 495 diligenter
576 444 889 482 considerauerit
923 449 961 481 et
995 442 1215 492 digesserit,
1252 441 1411 480 fortuita
1446 442 1693 491 cogitatione,

162 513 346 561 lectione,
380 512 609 549 inuentione
643 522 663 547 a
695 511 776 559 uia,
810 521 926 559 quam
959 509 1162 559 ingressus
1197 513 1298 556 erat,
1331 506 1443 544 facile
1477 518 1517 544 se
1553 505 1694 557 depelli

162 590 300 629 passus
339 578 378 614 in
419 577 540 614 miros
579 587 736 614 errores
775 574 1009 625 prolabitur,
1049 586 1147 624 quos
1193 574 1227 611 si
1271 571 1611 622 animaduerterit,
1651 577 1694 609 ut

162 648 332 692 excuset,
366 643 510 680 frustra
544 653 703 691 operam
738 640 812 678 dat.

280 707 379 745 llin‹¹
415 706 461 745 ad
495 706 647 756 singula
681 707 765 744 eius
799 717 917 756 opera
954 704 1264 755 progrediemur.

282 773 456 810 Primum
497 772 569 810 suit
609 772 963 819 chronicorum,
1005 769 1050 808 de
1091 769 1234 820 quibus
1267 768 1466 820 singulare
1499 767 1692 819 quoddam

162 839 432 877 testimonium
468 837 642 876 Catullus
676 837 890 875 memoriae
929 835 1119 887 prodidit,
1160 848 1249 873 cmn
1292 836 1465 872 carmina
1505 833 1696 884 quaedam

161 904 209 943 ad
254 903 480 941 Cornelium
516 904 691 941 mitteret
723 903 893 949 (Cleron.
917 902 971 951 fr.
1002 902 1057 949 7).
1115 913 1232 951 quem
1272 899 1430 951 quidem
1470 899 1694 937 Cornelium

161 971 265 1009 bunc
306 968 496 1020 Nepotem
542 980 628 1006 esse
668 967 809 1006 Catulli
852 972 1155 1005 conterraneum
1193 965 1389 1004 Ausonius
1420 967 1473 1014 (p.
1498 965 1582 1002 120
1604 966 1694 1003 Sele.

152 1049 196 1085 p.
226 1036 312 1073 186
346 1036 387 1072 I’.
424 1046 459 1072 11.
495 1034 539 1081 9)
587 1034 802 1071 confirmat.
866 1034 998 1083 itaque
1049 1032 1209 1082 scripsit
1260 1043 1304 1069 ea
1356 1030 1553 1081 aliquanto
1605 1034 1694 1068 ante

163 1114 193 1140 a.
228 1098 409 1150 545700,
449 1112 525 1150 quo
559 1098 733 1137 Catullus
772 1098 908 1137 ultima
950 1098 1123 1135 carmina
1157 1096 1278 1135 edidit
1310 1096 1424 1147 paulo
1457 1102 1546 1147 post
1577 1096 1694 1134 mori-

161 1162 332 1220 turusl),
360 1171 475 1216 atque
503 1166 667 1216 primus,
695 1164 743 1202 ad
771 1163 810 1202 id
836 1168 992 1214 tempus
1014 1158 1154 1201 ‘unus'
1174 1161 1358 1200 Italorum
1381 1160 1511 1199 ‘omne
1533 1157 1696 1199 aeuum'

162 1232 274 1270 libris
315 1231 439 1269 tribus
474 1230 680 1281 complecti
714 1242 832 1268 ausus
866 1235 935 1267 est.
987 1227 1098 1273 Quod
1131 1233 1262 1266 tamen
1295 1227 1426 1265 laudat
1458 1232 1571 1278 poeta
1606 1225 1695 1264 doc-

163 1300 306 1337 trinam
347 1302 382 1335 et
424 1295 609 1346 laborem,
651 1307 917 1345 numerorum,
956 1295 1171 1343 nominum,
1205 1298 1410 1331 auctorum
1444 1291 1695 1330 multitudine

162 1365 336 1402 animum
370 1362 648 1413 praestrictum
683 1362 803 1399 fuisse
836 1360 899 1399 uel
933 1372 979 1398 ex
1013 1360 1082 1408 eis,
1116 1371 1214 1409 quae
1248 1370 1365 1409 supra
1394 1357 1695 1408 disputauimus,

163 1428 464 1480 suspicabimur.
510 1428 678 1477 arripuit
711 1428 816 1464 enim
844 1438 933 1464 eum
955 1425 1111 1474 librum,
1133 1436 1249 1475 quern
1270 1428 1313 1462 ut
1334 1429 1415 1461 tum
1438 1418 1489 1476 (a.
1504 1418 1694 1476 451709)

165 1495 210 1533 de
245 1493 494 1543 chronologia
528 1505 661 1530 rerum
695 1491 934 1530 Graecarum
972 1491 1273 1529 usitatissimum
1314 1490 1353 1527 in
1386 1490 1504 1527 Attici
1537 1487 1694 1539 quidem

163 1559 344 1599 manibus
385 1560 506 1597 fuisse
540 1558 677 1596 Cicero
716 1569 787 1608 pro
828 1562 933 1595 certo
974 1557 1099 1607 ponit,
1142 1554 1366 1606 Apollodori
1401 1554 1588 1598 ‚chronica
1623 1555 1699 1601 (ad

164 1629 243 1665 All.
267 1627 359 1664 XII
388 1625 455 1673 23,
478 1620 580 1678 2)2),
614 1636 782 1674 eumque
816 1624 856 1660 in
891 1635 1005 1660 suum
1039 1633 1262 1659 sermonem
1297 1619 1529 1658 translatum
1563 1624 1696 1670 spreto

164 1698 294 1730 tamen
322 1703 454 1740 uersu,
488 1702 563 1740 quo
590 1688 849 1740 Apollodorus
876 1700 972 1726 usus
1000 1692 1094 1737 erat,
1128 1685 1247 1724 rebus
1272 1685 1459 1723 Romanis
1486 1684 1696 1735 suppleuit,

163 1763 207 1795 ut
240 1756 403 1795 eandem
445 1757 637 1793 rationem
670 1754 734 1792 hic
767 1753 930 1792 subesse
964 1752 1005 1790 E.
1033 1751 1167 1790 Rolide
1201 1751 1427 1801 coniecerit,
1460 1762 1559 1801 quae
1593 1751 1697 1788 inter

164 1821 376 1860 Eusebium
413 1826 449 1859 et
483 1820 765 1870 Hieronymum
798 1817 1009 1857 intercedit
1042 1819 1158 1865 (mus.
1187 1818 1262 1855 Rlz.
1290 1817 1348 1854 36
1370 1828 1414 1865 J).
1443 1816 1558 1862 535).
1606 1827 1695 1853 nam

164 1894 207 1926 ut
232 1886 490 1938 Apollodorus
518 1887 575 1924 sic
602 1885 732 1936 Nepos
767 1882 960 1936 Χρονικά
994 1883 1210 1933 inscripsit,
1243 1894 1407 1920 exorsus
1434 1880 1498 1918 ille
1533 1885 1615 1918 erat
1648 1880 1694 1918 ab

165 1954 327 1991 interitu
369 1952 507 1989 Troiae
548 1946 598 2003 (a.
636 1946 836 2003 118413),
875 1949 939 1987 hie
979 1949 1138 1987 Saturni
1178 1948 1254 1996 (fr.
1288 1948 1350 1997 I),
1391 1951 1497 1984 certe
1536 1946 1695 1984 Homeri

287 2119 302 2147 1
348 2115 374 2146 A
412 2116 551 2146 67-64
590 2111 769 2145 Schwabe
799 2112 955 2155 Quaestt.
986 2110 1061 2145 Cat.
1090 2122 1124 2154 p.
1147 2113 1232 2152 296,
1267 2120 1340 2142 cea.
1370 2120 1401 2142 a.
1431 2111 1473 2141 65
1509 2107 1696 2142 Baehrens

167 2168 297 2202 Catull.
321 2169 364 2201 II
393 2179 426 2210 p.
451 2170 504 2199 69.

285 2224 320 2263 2)
347 2220 525 2263 Sey-mnus
553 2219 617 2262 qui
638 2218 776 2253 dieitur
796 2217 1016 2252 uarietatem
1044 2227 1177 2258 rerum,
1204 2226 1296 2259 quas
1324 2214 1572 2258 Apollodorus
1599 2225 1695 2248 eom-

167 2275 294 2319 plexus
323 2276 393 2315 cst,
422 2273 478 2306 his
506 2272 674 2307 uersibus
700 2271 875 2306 laudauit
907 2273 964 2314 (16
981 2275 1091 2315 sqq.):
1120 2267 1223 2303 ’Ἐστι
1258 2267 1293 2302 δ’
1319 2267 1342 2302 ἃ
1370 2267 1500 2312 γράφω
1527 2272 1693 2302 τοιαῦτα.

172 2332 256 2368 Τοῖς
289 2327 327 2361 ἐν
360 2326 544 2372 Περγάμῳ
568 2328 570 2363 l
596 2327 816 2371 βασιλεῦσιν,
850 2322 900 2359 ὧν
930 2324 948 2368 ἡ
977 2322 1068 2365 δόξα
1095 2323 1158 2357 καὶ
1187 2321 1424 2366 τεθνηκότων
1448 2322 1451 2367 l
1475 2320 1577 2363 παρὰ
1604 2325 1694 2354 πᾶσι

169 2382 253 2425 ἡμῖν
280 2383 373 2422 ζῶσα
401 2379 464 2413 oz&
490 2380 630 2419 παντὸς
657 2379 757 2422 μένει
782 2379 784 2424 l
808 2384 880 2412 τῶν
903 2375 1070 2411 Ἀττικῶν
1102 2390 1156 2416 τις
1190 2375 1350 2420 γνησίων
1382 2387 1419 2408 τε
1453 2373 1691 2419 φιλολόγων,1

167 2435 325 2478 γεγονὼς
364 2433 547 2477 ἀκουστὴς
584 2430 787 2477 Διογένους
825 2437 889 2465 τοῦ
930 2431 1147 2472 Στωϊκοῦ,1
1186 2429 1461 2474 συνεσχολακὼς
1499 2426 1538 2461 δὲ
1578 2427 1695 2461 πολὺν

165 2486 382 2531 Ἀριστάρχῳ
403 2485 550 2531 χρόνον,
591 2482 808 2527 συνετάξατ’
833 2485 907 2519 ἀπὸ
932 2489 996 2527 τῆς
1022 2487 1187 2527 Τρωῖκὴς
1207 2482 1374 2521 ἁλώσεως
1391 2482 1395 2527 ἱ
1413 2479 1694 2526 χροι·ογραφίαν

168 2546 384 2585 στοιχοῦσαν
413 2540 492 2584 ἄχρι
523 2546 586 2574 τοῦ
615 2545 683 2573 νῦν
708 2538 801 2584 βίου.
842 2536 930 2582 ’Έτη
953 2538 992 2571 δὲ
1020 2537 1290 2578 τετταράκοντα
1317 2535 1409 2578 πρὸς
1437 2540 1512 2574 τοῖς
1538 2532 1692 2580 χιλίοιςΙ

168 2593 374 2636 ὡρισμένως
390 2593 538 2634 ἐξέθετο
563 2593 913 2636 καταριθμούμενος
927 2590 1068 2625 πόλεων
1087 2624 1089 2634 ,
1109 2590 1269 2631 ἁλώσεις,
1287 2589 1527 2632 ἐκτοπισμοὺς
1547 2600 1695 2629 στρατο-

168 2646 302 2689 πέὸων,
343 2647 630 2689 μεταναστάσεις
656 2646 792 2688 ἐθνῶν,
820 2643 1011 2688 στρατείας
1037 2640 1458 2689 βα()βάρων,1ἑφόδους,
1480 2642 1696 2684 περαιώσεις

168 2713 202 2733 τε
232 2706 415 2733 ναυτικῶν
444 2698 591 2741 στόλων,
640 2698 765 2739 θέσεις
791 2699 957 2743 ἀγώνων,
986 2695 1203 2742 συμμαχίας,
1231 2697 1406 2737 σπονδάς,
1434 2694 1564 2740 μάχας,
1582 2695 1584 2739 Ι
1603 2693 1695 2737 πρά-

169 2754 241 2795 ξεις
273 2752 463 2798 βασιλέων.
499 2754 692 2797 ἐπιφανῶν
725 2753 873 2795 ἀνδρῶν
907 2750 1021 2797 βίους,
1045 2751 1047 2794 l
1073 2750 1208 2795 φυγάς,
1241 2747 1449 2792 στρατείας,
1481 2747 1697 2786 καταλύσεις

168 2805 415 2848 ‘croam-ioum·
464 2806 614 2840 πάντων
642 2806 820 2850 ἐπιτομὴν
846 2811 918 2839 τῶν
944 2805 1061 2849 χύδην
1090 2802 1301 2847 εἰρημένων.
