1842 3133
27 810 59 835 10

26 1135 58 1160 15

26 1573 59 1597 20

644 98 794 133 VRBES
821 98 1043 133 ITALICAE
1553 99 1573 138 7
1586 98 1611 138 3

199 207 242 250 3.
281 211 373 249 Gell.
397 211 423 248 I
448 211 504 248 14
548 209 668 248 lulius
708 209 883 260 Hyginus
922 211 960 247 iu
995 209 1094 247 libro
1130 209 1175 248 de
1208 211 1289 248 uita
1324 210 1520 260 rebusque
1554 211 1611 247 in-

79 275 262 314 lustrium
289 276 467 313 uirorum
496 280 605 313 sexto
633 275 778 325 legatos
808 274 901 312 dicit
928 287 948 312 a
971 274 1212 313 Samnitibus
1241 274 1287 313 ad
1315 276 1353 313 (ἶ.
1376 275 1612 325 Fabricium,

80 341 357 391 imperatorem
385 340 519 391 populi
546 340 722 389 Romani,
755 341 913 377 uenisse
948 345 985 377 et
1018 342 1244 378 memoratis
1278 340 1410 378 multis
1444 342 1612 391 maguis-

80 418 154 457 que
189 405 319 456 rebus,
352 417 451 456 quae
485 405 584 443 bene
619 418 663 443 ae
696 404 878 443 beniuole
912 410 996 455 post
1034 404 1224 443 redditam
1258 418 1394 456 parem
1429 404 1613 444 Samniti-

79 470 151 509 bus
197 471 373 521 fecisset,
419 470 608 521 optulisse
656 470 754 508 dono
800 470 986 520 grandem
1033 471 1240 520 pecuniam
1283 483 1514 521 orasseque,
1556 472 1613 509 uti

79 537 271 586 acciperet
314 540 591 586 utereturque,
638 541 753 585 atque
800 535 837 573 id
885 536 1012 573 farere
1059 536 1254 573 Samnites
1301 536 1464 586 dixisse,
1510 535 1613 586 quod

78 600 259 639 uiderent
292 600 413 639 multa
446 600 493 639 ad
527 600 777 651 splendorem
814 599 950 638 domus
991 605 1107 650 atque
1140 602 1270 639 uictus
1311 601 1447 639 ‹letieri
1486 613 1613 651 neque

79 678 148 716 pro
191 665 447 716 amplitudine
488 665 755 716 dignitateque
796 665 943 703 lautum
983 671 1161 716 [1313111111
1202 678 1300 704 esse.
1360 672 1440 704 tum
1481 666 1613 704 Fabri-

80 732 183 769 cium
222 731 357 781 planas
396 743 535 769 manus
574 730 621 768 ab
661 730 823 768 auribus
865 730 911 768 ad
951 730 1084 768 oeulos
1124 736 1162 769 et
1201 731 1300 769 infra
1342 731 1528 782 deinceps
1567 731 1613 769 ad

79 808 195 834 nares
229 801 267 834 et
299 795 345 834 ad
379 808 421 834 os
456 801 495 834 et
527 795 574 834 ad
608 795 737 846 gulam
771 800 887 846 atque
921 795 1011 833 inde
1045 808 1162 846 porro
1197 796 1244 834 ad
1276 801 1458 835 uentrem
1491 798 1614 835 imum

81 861 290 900 deduxisse
331 866 369 899 et
402 861 539 911 legatis
573 862 625 899 ita
659 860 928 911 respondisse:
963 860 1055 899 dum
1089 860 1166 899 illis
1199 861 1381 900 omuibus
1414 861 1614 912 membris,

80 938 177 977 quae
217 927 427 977 attigisset,
467 927 659 977 opsistere
700 931 815 976 atque
854 927 1049 976 imperare
1082 931 1226 977 posset,
1260 939 1472 977 numquam
1507 928 1614 977 quie-

80 1004 195 1042 quam
242 991 485 1043 defuturum3
530 996 738 1042 propterea
786 1003 827 1029 se
872 992 1092 1042 pecuniam,
1139 1004 1214 1042 qua
1259 991 1356 1030 nihil
1396 992 1471 1030 sihi
1511 998 1616 1030 esset

79 1069 186 1107 usus,
220 1056 266 1095 ab
300 1057 372 1107 his,
406 1056 550 1107 quibus
583 1069 669 1095 eam
703 1057 823 1094 sciret
855 1058 945 1095 usui
979 1068 1077 1107 esse,
1110 1069 1188 1095 uon
1221 1058 1412 1108 accipere.

199 1119 242 1162 4.
282 1123 376 1161 Gell.
408 1123 466 1160 VI
487 1122 525 1171 1,
547 1122 572 1160 2
612 1121 710 1160 Nam
738 1127 776 1160 et
803 1121 842 1160 C.
864 1121 1014 1173 Oppius
1042 1128 1080 1160 et
1105 1122 1228 1161 Iulius
1255 1122 1431 1173 Hyginus
1458 1122 1614 1173 aliique,

79 1189 147 1238 qui
168 1187 214 1226 de
235 1188 315 1225 uita
338 1193 374 1225 et
396 1187 516 1226 rebus
537 1187 709 1225 Africani
730 1189 988 1238 scripserunt,
1011 1192 1049 1225 et
1070 1200 1104 1238 (1.
1122 1200 1150 1225 s.
1167 1190 1248 1226 uid.
1272 1188 1431 1237 Oppfr.
1448 1188 1529 1237 21).
1547 1189 1613 1226 46.

613 1283 784 1320 VRBES
818 1283 1070 1320 ITALICAE

200 1362 276 1405 5²³².
311 1366 425 1404 Seru.
454 1367 510 1404 ad
534 1367 632 1404 Aen.
655 1366 682 1403 I
702 1366 789 1403 530
834 1367 1019 1403 Ceterum
1052 1366 1158 1403 ltalia
1193 1365 1384 1416 Hesperia
1418 1366 1561 1404 dicitur
1594 1378 1614 1404 3

80 1433 200 1469 fratre
227 1430 403 1481 Atlantis,
437 1432 504 1481 qui
536 1430 673 1481 pulsus
707 1444 727 1468 a
760 1443 944 1481 germano
978 1430 1127 1468 Italiam
1162 1433 1289 1469 tenuit
1321 1432 1435 1482 eique
1469 1444 1612 1469 nomeu

79 1497 268 1547 pristinae
302 1496 474 1546 regionis
506 1497 692 1546 inposuit,
725 1501 769 1533 ut
800 1495 976 1546 Hyginus
1006 1495 1128 1534 docet.

199 1559 276 1601 6³⁶.
310 1562 494 1600 Macrob.
520 1567 593 1600 sat.
622 1562 649 1599 I
672 1562 708 1609 7,
731 1561 786 1599 19
819 1561 1032 1611 Regionem
1066 1563 1192 1612 istam,
1226 1574 1325 1612 quae
1359 1574 1464 1600 1111116
1497 1574 1612 1600 11063-

79 1632 144 1666 tur
175 1626 296 1678 ltalia,
328 1638 449 1677 regno
481 1626 598 1664 1311115
630 1627 811 1677 optinuit,
844 1628 922 1677 qui,
948 1632 992 1665 ut
1018 1626 1193 1677 Hyginus
1221 1627 1477 1665 Protarchum
1505 1627 1613 1665 Tral-

80 1692 227 1731 lianum
266 1697 425 1730 secutus
464 1691 600 1742 tradit,
640 1704 729 1730 611111
763 1691 925 1730 Camese
959 1704 1082 1743 aeque
1116 1692 1300 1742 indigena
1333 1698 1480 1731 terram
1513 1693 1614 1731 113116

80 1759 132 1796 ita
164 1758 396 1808 participata
427 1758 601 1808 potentia
634 1756 904 1808 possidebant,
937 1763 981 1796 ut
1014 1759 1120 1808 regio
1155 1757 1386 1808 Camasene,
1426 1757 1614 1808 oppidum

199 1859 237 1894 3.
267 1860 320 1902 Cf.
344 1859 422 1893 Val.
446 1859 552 1893 Elam.
575 1860 640 1894 IV
655 1862 687 1902 3,
710 1863 732 1893 6
764 1859 866 1893 Idem
894 1858 1010 1893 sensit
1031 1859 1224 1894 Fabricius
1246 1859 1437 1903 Luscinus,
1466 1860 1613 1894 honori-

80 1907 148 1941 bus
169 1909 207 1940 et
226 1905 452 1940 auctoritate
474 1906 573 1940 omni
601 1906 756 1940 ciuitate
782 1906 1014 1951 temporibus
1041 1907 1116 1940 suis
1144 1907 1272 1942 maior.
1301 1918 1412 1941 censu
1440 1918 1508 1952 par
1533 1907 1614 1941 uni-

81 1954 214 1998 cuique
234 1953 482 1998 pauperrimo,
497 1953 561 1998 qui
577 1966 599 1988 3
614 1953 855 1997 Samnitibus,
871 1965 963 1998 quos
987 1954 1178 1989 uniuersos
1193 1954 1231 1988 in
1246 1954 1422 1989 clientela
1436 1955 1612 1998 habebat,

81 2002 208 2037 decem
228 2003 332 2036 milia
354 2001 449 2036 aeris
470 2004 507 2035 et
527 2001 691 2045 quinque
711 2001 834 2046 pondo
856 2001 1002 2046 argenti
1025 2003 1061 2036 et
1083 2002 1210 2037 decem
1231 2013 1355 2036 seruos
1383 2002 1455 2036 sibi
1481 2002 1613 2037 missos

80 2049 118 2082 in
140 2049 330 2083 Samnium
350 2048 504 2091 remisit,
526 2048 779 2083 continentiae
801 2060 888 2083 suae
910 2049 1089 2083 beneficio
1117 2050 1196 2084 sine
1222 2049 1382 2093 pecunia-
1402 2050 1612 2094 praediues,

82 2097 160 2131 sine
186 2108 255 2130 usu
282 2096 448 2130 familiae
470 2096 619 2130 abunde
640 2095 852 2139 comitatus,
874 2097 963 2140 quia
982 2096 1205 2141 locupletem
1228 2097 1334 2131 illum
1355 2097 1520 2132 faciebat
1540 2108 1613 2131 non

80 2144 199 2179 multa
218 2143 418 2188 possidere,
440 2144 505 2178 sed
524 2143 671 2178 modica
693 2143 914 2178 desiderare.
952 2145 1112 2180 Ceteram.
1133 2156 1186 2179 res
1207 2149 1255 2179 est
1274 2156 1379 2188 saepe
1400 2146 1612 2180 declamata.

200 2192 238 2226 5.
266 2192 450 2235 Hesperus
469 2192 586 2234 frater
600 2192 765 2226 Atlantis
794 2192 930 2226 (licitur
949 2194 1056 2226 etiam
1086 2194 1121 2226 ιῗη
1142 2193 1274 2235 fabula
1294 2193 1456 2227 Diodori
1473 2194 1500 2226 Ι
1506 2193 1539 2227 V
1553 2196 1614 2235 27,

81 2250 172 2282 qucae
199 2243 317 2273 tamen
344 2240 426 2282 ipsa
452 2240 530 2273 alia
555 2244 614 2273 est.

200 2286 238 2321 6.
265 2287 330 2321 Ex
358 2287 548 2321 IVIcwrobz'o
577 2286 755 2332 Cynthius
781 2288 821 2321 in
850 2287 948 2331 Verq.
965 2288 1056 2321 Aen.
1079 2288 1100 2320 J
1125 2290 1208 2321 294.
1236 2308 1278 2313 —-
1306 2288 1456 2322 Fabula
1483 2299 1499 2322 e
1522 2289 1612 2322 Pro-

82 2335 203 2368 tarcho
234 2334 385 2376 hausta,
417 2334 459 2368 de
486 2345 555 2378 quo
586 2334 680 2368 nihil
711 2335 931 2377 accepimus,
968 2335 1032 2368 hoc
1063 2335 1137 2368 solo
1171 2336 1244 2369 loco
1278 2336 1488 2377 ιἠιιεηίύι.ιι·,·
1523 2346 1614 2378 quae

81 2385 280 2425 sequuntur
311 2381 353 2415 de
385 2381 479 2416 Iano
510 2381 740 2424 ›S'aturnoqzce
778 2382 931 2426 mdyata
969 2386 1054 2415 sunt
1082 2383 1256 2417 (Roscher
1284 2382 1407 2417 [θεοῖο.
1432 2382 1459 2415 Ι
1480 2394 1506 2416 c.
1528 2384 1612 2416 848.

82 2429 131 2462 ΙΙ
146 2439 172 2462 e.
194 2431 243 2462 22
256 2432 337 2471 sq),
362 2428 520 2470 forsitcm
546 2440 570 2462 a
598 2429 769 2463 Varrone.

202 2523 246 2578 3,
277 2530 311 2565 1.
338 2527 579 2565 industrium
600 2528 678 2565 eod.
699 2529 827 2566 Paris.
904 2530 940 2565 8.
962 2525 1167 2579 paratum]
1191 2542 1212 2572 ς
1241 2532 1382 2579 patum
1404 2529 1612 2577 Momm.)

83 2589 344 2636 paratumque
373 2588 409 2624 V
407 2589 456 2625 αΐ.
476 2587 603 2624 Paris.
726 2590 765 2624 et
790 2590 875 2624 tum
897 2588 934 2624 R
1059 2591 1094 2625 9.
1129 2591 1168 2626 et
1199 2601 1268 2625 om.
1291 2589 1329 2625 R

202 2643 248 2696 6,
277 2648 342 2683 21.
369 2646 528 2696 higinus
548 2645 715 2693 P(aris.)
801 2648 865 2683 22.
894 2659 1047 2697 oamese
1068 2648 1105 2683 Ρ
1188 2650 1252 2685 23.
1281 2660 1482 2685 6311165636
1511 2649 1612 2695 uuly.

84 2705 297 2743 Camasene
326 2707 439 2743 ctiam
458 2704 567 2742 Seru.
591 2707 629 2742 in
653 2705 761 2753 ch-9.
783 2704 880 2742 Aen.
906 2706 1020 2743 VIII
1041 2708 1136 2743 330.
1168 2707 1280 2744 Ioan.
1302 2707 1402 2754 Lyd.
1425 2707 1470 2744 de
1497 2719 1610 2745 mens.

84 2766 111 2801 I
118 2765 153 2802 V
169 2766 197 2802 2
215 2777 256 2812 p.
282 2766 336 2802 66
365 2766 422 2803 W.
