1842 3133
623 105 848 141 AVFIDIVS
876 105 1051 141 BASSVS
1475 120 1596 149 CXXV

73 234 92 259 a
126 232 201 271 qno
243 232 311 259 sua
345 219 537 258 industria
577 224 614 257 et
653 218 871 257 eruditione
911 231 1035 269 usque
1081 217 1127 256 ad
1167 231 1275 257 suam
1322 224 1485 257 aetatem
1534 218 1597 256 de-

77 285 240 324 scendit.

192 350 267 389 Sed
301 351 344 388 fr.
378 350 551 388 Pliniana
584 348 697 389 4—7
734 362 821 388 curn
858 349 922 388 tali
955 349 1264 400 chronographia
1296 361 1434 400 parum
1461 348 1597 387 uiden-

74 421 137 454 tur
169 417 392 466 conuenire,
425 421 468 454 ut.
494 416 587 454 haec
616 428 659 453 ex
690 414 787 453 libro
815 412 884 452 ‘ne
912 414 1151 453 admirandis
1179 412 1402 465 llispaniae’
1439 415 1597 452 tluxissc

74 481 288 520 Mommsen
312 494 356 531 p.
385 495 475 519 xm
505 480 728 519 arbitretur.
793 485 830 518 at
862 481 987 531 primo
1022 481 1085 527 (4)
1127 481 1234 530 origo
1273 479 1383 518 urhis
1425 485 1598 530 tempore

74 546 215 585 excidii
248 546 386 585 Troiae
422 546 607 585 delinitur
639 552 681 584 ut
714 547 758 584 t'r.
789 544 824 596 1,
858 551 895 584 et
928 558 1016 583 cum
1043 547 1129 583 ueri
1157 545 1324 583 similius
1352 547 1402 583 sit
1428 545 1595 583 Plinium

72 624 194 660 uuum
228 612 370 650 Bocchi
404 611 547 650 librum
580 613 619 649 in
653 611 834 649 manibus
867 610 1068 661 habuisse,
1108 611 1224 649 huius
1264 616 1390 649 autem
1425 610 1597 649 studium

73 690 250 727 magnam
284 689 415 716 rerum
447 679 677 716 uarietatem
711 676 957 727 complexum
991 688 1077 714 esse
1110 676 1173 714 uel
1207 689 1252 714 ex
1280 677 1474 726 excerptis
1502 675 1598 713 Soli-

73 743 199 781 nianis
233 742 425 794 adpareat,
459 743 588 780 omnia
616 741 789 780 Pliniana
825 741 871 779 ad
899 741 1250 792 chronographiam
1279 741 1433 779 trahere
1463 740 1597 779 malui-

74 821 170 859 mus,
217 821 292 859 quo
336 809 498 859 propius
545 807 590 846 ad
636 820 703 846 sua
750 813 923 858 tempora
966 806 1284 857 p1·‹1›grederetur,
1329 808 1444 845 etiam
1488 806 1597 857 plura

72 879 252 912 ueterum
298 873 493 912 annalium
540 874 689 912 ratione
735 873 1000 923 arripientem.
1065 872 1166 923 quod
1212 878 1340 910 autem
1387 872 1432 910 ad
1478 872 1597 909 solam

73 938 297 990 Hispaniam
330 940 540 990 pertinent,
572 938 722 977 Plinius
749 943 929 977 auctores
957 939 1016 976 sui
1045 950 1240 989 quemque
1275 939 1372 976 situs
1401 938 1530 987 (1(.fr.
1554 938 1597 985 7)

72 1005 301 1043 uerissimos
335 1004 735 1055 diligentissimosque
768 1005 922 1054 putauit
954 1004 1049 1051 (III
1065 1004 1101 1042 1.
1133 1004 1191 1041 Γ]
1206 1000 1359 1056 141).1)

530 1271 826 1319 AVFIDIVS
864 1270 1095 1318 BASSVS
1109 1268 1142 1325 2)

192 1391 341 1430 Autidia
369 1403 465 1442 gens
498 1392 613 1429 etiam
647 1391 741 1430 alios
768 1392 875 1429 uiros
902 1390 990 1429 tulit
1016 1392 1139 1441 magis
1167 1390 1308 1429 litteris
1337 1404 1452 1442 quam
1480 1390 1598 1429 rebus

74 1457 194 1507 gestis
215 1456 463 1507 excellentes,
478 1457 539 1494 hic
562 1462 702 1508 tamen,
719 1469 807 1495 cum
823 1454 996 1507 ‘semper
1016 1457 1162 1494 intirmi
1183 1458 1358 1507 (τοι-116115
1379 1462 1417 1495 et
1433 1454 1599 1495 exsucti'

74 1528 190 1573 esset,
230 1522 275 1560 al)
315 1523 426 1561 initio
459 1523 580 1561 uitam
620 1523 658 1560 in
699 1524 777 1561 otio
811 1522 963 1572 degisse
997 1521 1156 1561 uidetur
1188 1523 1364 1573 corporis
1399 1521 1599 1560 doloribus

74 1593 262 1638 quantum
288 1593 420 1638 posset
447 1593 672 1627 constanter
698 1587 901 1626 obluctans
929 1593 1043 1638 atque
1071 1589 1187 1626 etiam
1215 1588 1333 1626 animi
1361 1587 1598 1626 alacritatem

75 1665 255 1705 seruans,
288 1654 418 1704 itaque
451 1659 494 1692 ut
526 1658 691 1692 mortem
720 1666 797 1692 non
825 1666 910 1692 esse
938 1653 1152 1692 timendam
1180 1652 1500 1691 commentariolo
1528 1666 1597 1691 suo

75 1723 251 1769 exponat,
286 1718 433 1757 Seneca
468 1720 595 1757 minor
634 1731 785 1757 summa
824 1718 1080 1757 admiratione
1120 1720 1159 1757 in
1200 1718 1365 1769 epistula
1400 1719 1599 1757 tricesima

75 1796 163 1822 eum
197 1785 460 1835 prosequitur,
493 1784 646 1823 laudem
679 1784 947 1835 philosophiae
981 1784 1026 1822 ab
1061 1797 1105 1823 eo
1139 1789 1335 1835 repetens,
1375 1784 1477 1835 quod
1511 1797 1599 1822 eum

76 1844 264 1902 (Epicuro
309 1862 350 1887 se
395 1846 615 1903 addixerat)
662 1849 734 1888 suh
773 1855 957 1901 mortem,
1004 1862 1091 1888 rum
1135 1847 1290 1900 ‘magno
1336 1854 1518 1888 senectus
1564 1854 1602 1887 et

75 1915 262 1953 uniuerso
296 1915 467 1965 pondere
500 1913 772 1966 incuhuisset’,
812 1915 882 1954 hac
920 1916 1066 1953 uirtute
1109 1916 1352 1953 instruxerit,
1416 1920 1498 1953 tum
1531 1916 1601 1965 igi-

75 1985 139 2018 tur
178 1975 228 2033 (a.
256 1977 443 2034 63s'816)
488 1993 716 2032 supremum
756 1980 858 2019 diem
898 1994 986 2019 eum
1025 1980 1169 2019 obiisse
1204 1980 1352 2019 Seneca
1390 1980 1492 2031 uult,
1533 1980 1601 2018 sed

75 2045 232 2096 paulum
266 2051 389 2084 aetate
423 2047 638 2097 praecessit
664 2046 876 2085 Seruilium
903 2045 1123 2085 Nonianum
1157 2041 1255 2100 (cos.
1277 2043 1453 2098 35ss7883
1488 2052 1601 2084 mort.

76 2107 266 2165 59s‘812),
299 2124 467 2162 quocum
503 2117 547 2150 ut
580 2112 789 2150 historicus
823 2117 861 2150 et
893 2124 912 2150 a
945 2111 1185 2156 Quintiliano
1219 2113 1283 2159 (Χ
1306 2113 1343 2163 1,
1372 2112 1476 2159 103)
1511 2117 1548 2149 et
1581 2125 1599 2149 a

75 2175 208 2214 Tacito
253 2177 293 2214 in
339 2176 488 2228 dialogo
534 2177 629 2225 (23)
675 2176 865 2216 laudatur.
933 2177 1117 2215 historias
1163 2182 1291 2215 autem
1337 2177 1479 2215 Aufidii
1525 2178 1601 2214 iam

77 2241 225 2280 Seneca
256 2247 368 2292 pater
401 2238 452 2296 (a.
481 2239 657 2296 39J792)
692 2248 940 2293 cognouerat.

194 2307 310 2358 Atqui
329 2307 626 2359 distinguuntur
645 2308 719 2346 duo
738 2320 866 2359 opera,
882 2321 1048 2359 quorun]
1070 2321 1192 2347 unum
1213 2309 1470 2358 inscriptione
1486 2307 1601 2345 Plinii

76 2372 234 2410 maioris
268 2378 430 2423 constat,
461 2374 526 2423 qui
552 2378 773 2424 temporum
800 2374 1081 2424 imperatorum
1110 2373 1333 2411 Flauiorum
1361 2384 1600 2423 suorumque

76 2436 279 2475 historiam
301 2435 337 2475 ‘a
358 2440 434 2476 line
455 2438 598 2476 Aulidii
618 2437 743 2477 Bassi⁷
767 2451 880 2477 orsus
901 2444 985 2477 erat
1006 2440 1061 2486 (u.
1078 2439 1190 2488 infra
1207 2451 1250 2488 p.
1270 2452 1497 2476 cxxxxrlm
1513 2440 1601 2487 δᾳ),

197 2564 230 2607 1)
255 2562 296 2596 In
316 2562 501 2598 indicibus
524 2563 713 2598 Cornelius
729 2564 893 2598 Bocchus
915 2564 1053 2598 citatur
1072 2563 1134 2598 lib.
1152 2577 1210 2597 xv1
1232 2565 1269 2598 et
1284 2577 1417 2606 xxxvu,
1437 2563 1601 2597 Bocchus

77 2628 191 2649 xxxm
218 2617 255 2649 et:
281 2630 400 2660 num
426 2617 520 2651 latet
545 2617 660 2662 igitur
686 2617 799 2651 etiam
822 2617 860 2651 in
880 2617 985 2651 libris
1006 2631 1119 2651 xxxm
1140 2617 1201 2651 uel
1221 2630 1330 2651 xxx1v
1351 2618 1601 2661 fragmentum

77 2667 240 2711 aliquod.

198 2724 230 2766 2)
259 2722 314 2757 W.
335 2723 484 2758 Harless
512 2725 569 2759 De
595 2725 725 2759 Fabiis
750 2729 781 2758 et
808 2725 970 2767 Azofidiis
995 2736 1111 2759 rerum
1142 2725 1393 2760 Romanarum.
1418 2725 1602 2768 scriptori-

79 2776 151 2809 bus.
192 2775 286 2810 Diss.
309 2777 422 2811 Bonn.
448 2781 537 2812 1853
565 2790 598 2822 p.
621 2782 770 2812 45—52.
