1842 3133
58 819 89 843 10

58 1145 88 1170 15

580 105 641 138 DE
668 104 782 139 VITA
808 103 1166 139 IMPERATORVM
1557 103 1634 143 125

110 218 232 256 hostis
277 217 441 268 patriae,
486 215 699 267 parricida,
745 215 935 266 gladiator
980 217 1018 253 in
1059 214 1243 266 spoliario
1283 215 1460 252 lanietur.
1513 215 1636 253 hostis

112 282 274 321 deorum
307 282 480 320 carnifex
514 286 684 331 senatus,
717 280 841 319 hostis
876 280 1036 319 deorum
1070 279 1264 331 parricida
1299 285 1478 318 senatus:
1512 279 1636 317 hostis

111 348 272 386 deorum
307 347 428 385 hostis
462 351 631 385 senatus
683 346 873 397 gladiator
907 348 945 384 in
979 345 1180 397 spoliario,
1220 347 1286 396 qui
1323 350 1500 383 senatum
1535 346 1635 394 orri-

111 413 177 464 dit,
204 414 245 451 in
273 412 455 463 spoliario
489 417 667 462 ponatur.
714 413 780 462 qui
809 417 985 449 senatum
1014 410 1168 461 occidit,
1202 423 1302 449 unco
1335 411 1523 449 trahatur.
1570 412 1634 461 qui

110 479 340 516 innocentes
372 476 526 527 occidit,
558 489 659 515 unco
693 477 885 515 trahatur:
919 477 1042 514 hostis
1070 475 1275 527 parricida,
1301 488 1396 514 uere
1424 488 1529 514 uere.
1570 477 1636 526 qui

110 544 290 594 sanguini
329 555 398 581 suo
439 554 514 581 non
548 543 736 593 pepercit,
768 554 870 580 unco
906 542 1094 580 trahatur.
1147 543 1213 592 qui
1246 546 1283 579 te
1316 543 1519 580 occisurus
1555 542 1638 592 fuit,

110 621 210 647 unco
250 608 437 647 trahatur.
489 607 695 646 nobiscum
735 596 918 657 timuisti,
958 606 1164 645 nobiscum
1208 601 1452 657 periclitatus
1492 619 1544 645 es.
1597 613 1639 645 ut.

109 673 208 712 salui
252 675 393 724 simus,
440 673 614 724 luppiter
658 674 802 724 optime
842 673 1027 723 maxime,
1073 684 1187 710 serua
1230 671 1341 710 nobis
1380 672 1637 711 Pertinacem.

110 738 200 777 tidei
227 740 565 790 praetorianorum
594 738 772 777 feliciter.
805 739 1014 789 praetoriis
1042 737 1268 775 cohortibus
1297 737 1475 775 feliciter.
1527 750 1638 776 exer-

110 803 253 843 citibus
291 803 475 842 Romanis
509 803 686 842 feliciter.
735 804 871 854 pietati
905 808 1063 841 senatus
1096 802 1274 841 feliciter.
1326 802 1522 854 parricida
1562 810 1637 841 tra-

109 870 234 908 hatur.
287 881 480 920 rogamuS,
512 868 697 919 Auguste,
729 867 926 919 parricida
959 868 1147 907 trahatur.
1180 868 1253 906 hoc
1287 880 1481 919 rogamus,
1514 870 1638 919 parri-

110 933 195 973 cida
222 934 408 973 trahatur.
455 933 595 972 exaudi
622 933 775 985 Caesar,
804 933 997 972 delatores
1025 933 1072 972 ad
1099 933 1264 972 leonem.
1317 933 1457 972 exaudi
1484 933 1638 985 Caesar,

110 1000 316 1051 Speratum
363 999 409 1038 ad
454 999 617 1038 leonem.
681 1000 871 1038 uictoriae
917 999 1050 1050 populi
1095 998 1259 1037 Romani
1305 999 1484 1037 feliciter.
1549 999 1639 1037 tidei

110 1064 277 1103 militum
312 1064 489 1103 feliciter.
542 1064 632 1103 tidei
665 1065 1002 1116 praetorianorum
1037 1063 1216 1103 feliciter.
1269 1064 1495 1103 cohortibus
1529 1077 1639 1115 prae-

109 1131 221 1169 toriis
255 1130 433 1168 feliciter.
486 1130 609 1169 hostis
643 1136 791 1168 statuas
818 1129 1005 1181 undique,
1032 1129 1252 1180 parricidae
1279 1134 1427 1168 statuas
1453 1129 1639 1180 undique,

109 1194 334 1246 gladiatoris
373 1200 520 1234 statuas
560 1195 743 1246 undique.
796 1194 1021 1246 gladiatoris
1061 1200 1095 1234 et
1137 1195 1357 1246 parricidae
1391 1200 1540 1234 statuae
1574 1195 1639 1233 de-

109 1260 324 1299 trahantur.
382 1266 542 1299 necator
586 1262 734 1299 ciuium
778 1260 972 1311 trahatur,
1018 1260 1214 1311 parricida
1259 1261 1405 1299 ciuium
1452 1260 1638 1299 trahatur.

109 1325 333 1376 gladiatoris
373 1330 522 1364 statuae
563 1325 828 1365 detrahantur.
880 1331 918 1364 te
958 1325 1065 1364 saluo
1105 1325 1203 1364 salui
1243 1331 1281 1364 et
1320 1327 1451 1364 securi
1490 1338 1637 1377 sumus,

109 1403 221 1441 uere,
260 1403 371 1441 uere,
411 1390 524 1429 modo
563 1403 676 1442 uere,
715 1390 829 1429 modo
874 1390 1007 1442 digne,
1047 1390 1161 1429 modo
1200 1403 1312 1442 uere,
1351 1390 1465 1429 modo
1504 1390 1638 1430 libere.

57 1472 71 1496 2»
110 1468 213 1494 nunc
252 1457 382 1494 securi
421 1468 574 1495 sumus:
621 1456 860 1495 delatoribus
899 1461 1057 1494 metum.
1110 1462 1152 1494 ut
1191 1458 1322 1494 securi
1361 1457 1502 1507 simus,
1537 1455 1639 1494 dela-

112 1521 260 1560 toribus
300 1527 458 1560 metum.
513 1527 553 1560 ut
591 1521 690 1560 salui
729 1523 864 1572 slmus,
905 1521 1098 1560 delatores
1133 1521 1178 1560 de
1216 1526 1366 1571 senatu,
1400 1521 1640 1560 delatoribus
1665 1537 1673 1546 ·

111 1588 264 1626 fustem.
316 1592 354 1625 te
394 1587 501 1625 saluo
542 1587 735 1626 delatores
779 1587 826 1626 ad
858 1587 1023 1626 leonem.
1076 1592 1112 1626 te
1148 1589 1366 1638 imperante
1400 1586 1639 1625 delatoribus

112 1654 265 1691 fustem.
316 1652 535 1703 parricidae
576 1652 802 1703 gladiatoris
841 1654 1030 1691 memoria
1064 1652 1276 1703 aboleatur,
1309 1651 1528 1703 parricidae
1561 1652 1639 1703 gla-

112 1717 273 1756 diatoris
305 1722 454 1756 statuae
489 1717 754 1757 detrahantur.
800 1719 933 1769 inpuri
959 1717 1185 1769 gladiatoris
1212 1719 1400 1756 memoria
1427 1717 1638 1756 aboleatur.

110 1868 172 1902 καὶ
206 1881 269 1911 της
300 1869 436 1912 βουλῆς
467 1882 530 1902 και
562 1873 626 1902 τοῦ
661 1868 780 1912 δήμου
814 1867 1112 1914 συμβοησάντων.
1159 1866 1349 1913 ἠθέλησαν
1382 1868 1450 1912 μὲν
1479 1867 1548 1913 γὰρ
1575 1869 1637 1903 καὶ

110 1915 150 1949 τὸ
184 1921 286 1958 σῶμα
319 1915 433 1949 αὐτοῦ
467 1920 574 1958 σῦραι
607 1916 670 1950 καὶ
703 1915 907 1950 διασπάσαι
939 1915 1059 1960 ὥσπερ
1092 1915 1154 1950 καὶ
1187 1915 1252 1955 τὰς
1285 1914 1443 1957 εἰκόνας
1471 1914 1640 1955 εἰπόντος

112 1961 151 1996 δὲ
184 1968 249 1997 τοῦ
277 1961 505 2005 Περτίνακος
536 1968 578 2007 τῇ
614 1969 659 2008 γῇ
694 1962 763 2008 ἤδη
797 1963 862 1998 τὸν
889 1963 1022 2006 νεκρὸν
1049 1963 1265 2007 κεκρύφθαι
1290 1968 1355 1997 τοῦ
1383 1976 1449 2007 μεν
1476 1964 1640 2008 σώματος

110 2008 326 2068 ἀπέσχοντο,
346 2016 419 2044 τῶν
439 2007 475 2044 δ’
500 2010 618 2044 ἄλλων
640 2010 899 2068 ἐνεφοροῦντο,
927 2009 1036 2045 ουὸεν
1065 2009 1083 2046 ὅ
1108 2024 1143 2045 τι
1170 2012 1236 2045 οὐκ
1264 2008 1507 2056 ἐπιλέγοντες·
1540 2010 1639 2055 Κόμ-

111 2058 227 2101 μοὸον
254 2055 320 2101 μὲν
347 2056 414 2102 γὰρ
442 2057 564 2097 οὐδεὶς
591 2055 672 2092 οὐδ’
702 2058 956 2102 αὐτοκράτορα
989 2059 1104 2093 αὐτὸν
1138 2058 1343 2103 ὠνόμαζεν,
1378 2058 1569 2117 ἀλιτήριον
1599 2058 1640 2093 δέ

110 2118 192 2139 τινα
221 2105 283 2139 καὶ
309 2105 350 2139 τί
355 2118 494 2148 ραιπον
520 2106 795 2146 ἀποκαλοῦντες
820 2105 1090 2164 προσετίθεσαν
1117 2105 1409 2147 ἐπισκώπτοντες
1440 2106 1504 2140 τὸν
1531 2119 1638 2150 μοιο-

111 2151 242 2202 μάχου,
268 2152 332 2186 τὸν
359 2151 630 2197 αρματηλάτην,
657 2153 721 2187 τὸν
741 2153 944 2197 ἀριστερόα,
965 2153 1029 2188 τὸν
1050 2152 1220 2198 κηλήτην
1261 2159 1337 2193 τοῖς
1355 2166 1393 2187 τε
1414 2155 1637 2199 βουλευταῖς,

112 2198 210 2239 ὅσοις
241 2213 303 2234 και
336 2201 491 2244 μαλιστα
524 2200 563 2234 ἐκ
595 2206 659 2234 τοῦ
696 2200 896 2264 Κομμόὸου
929 2199 1046 2247 φόβος
1073 2200 1263 2246 επήρτητο,
1292 2201 1310 2235 ὁ
1337 2200 1442 2246 ὄχλος
1469 2200 1636 2245 ἐπέλεγεν

116 2248 185 2291 ‘svp
187 2260 212 2281 ε
241 2260 333 2292 ευγε,
361 2247 515 2292 ἐσώθης
543 2247 742 2292 ἐνίκησαςῖ
772 2248 839 2282 ’όσα
865 2261 901 2283 τε
929 2249 1112 2283 εἰωθεσαν
1140 2248 1179 2284 ἐν
1205 2254 1280 2288 τοῖς
1306 2248 1482 2291 θεάτροις
1509 2248 1564 2283 ἐπὶ
1594 2255 1636 2294 τῆ

112 2299 174 2328 τοῦ
202 2295 402 2339 Κομμόὸου
433 2294 620 2343 θεραπεία
653 2296 848 2339 εὐρύθμως
879 2308 955 2336 πως
982 2296 1128 2341 ἐκβοᾶν,
1160 2301 1275 2330 ταῦτα
1301 2296 1381 2330 τότε
1408 2308 1635 2341 μετασχημα-

112 2341 269 2383 τιζοντες
301 2342 337 2381 ἐς
368 2342 408 2375 τὸ
442 2332 674 2387 γελοιότατον
707 2342 849 2389 ἐξῇδον.
879 2365 921 2368 ffl—
949 2344 991 2377 οὐ
1026 2357 1094 2388 γαρ
1128 2342 1267 2386 ἑξηρκει
1304 2342 1406 2385 σφισι
1438 2344 1477 2378 τὸ
1511 2342 1636 2388 μηκέτι

112 2387 429 2471 ἱροβὲΐσθαέὲὶὶλῖ
461 2390 499 2424 ἐν
526 2393 574 2436 τῷ
594 2393 800 2434 θαρσοῦντι
821 2392 880 2425 καὶ
906 2390 1106 2436 ἐξυβριζειν
1130 2390 1276 2434 ἤθελον
1314 2392 1391 2425 Iz'd
1418 2391 1486 2425 Dee
1507 2392 1636 2436 S'cresspt.

124 2448 132 2470 ²
228 2448 257 2482 P

233 2585 269 2621 3.
308 2584 505 2633 gladiator
535 2587 672 2634 scripsi
710 2585 970 2634 gladiatorem
1002 2587 1038 2622 P
1246 2588 1282 2624 5.
1316 2599 1407 2623 uere
1439 2599 1574 2624 seuere
1605 2588 1642 2624 P

115 2644 315 2681 emendam
451 2645 513 2681 13.
548 2643 796 2692 desperatum
826 2643 945 2682 Salm.
979 2648 1208 2693 spurcatum
1241 2646 1503 2692 Fra‘nlffurtet·
1527 2645 1635 2684 Stud.

122 2702 281 2740 l‘mdob.
304 2703 425 2739 XIII
440 2716 481 2750 J).
502 2705 587 2740 347
712 2705 776 2741 20.
811 2716 942 2741 sumus
969 2704 1005 2740 P
1124 2707 1189 2742 21.
1223 2708 1267 2742 ut
1293 2706 1456 2742 inseruit
1479 2704 1600 2743 Salm.

116 2763 181 2799 22.
214 2762 472 2810 imperantem
503 2763 535 2798 P
659 2764 723 2800 23.
757 2762 970 2812 gladiatori
996 2764 1032 2800 P
1152 2766 1216 2801 24.
1251 2761 1452 2801 aboliatur
1477 2765 1514 2801 P
