1842 3133
651 102 833 136 MARIVS
860 102 1085 137 MAXIMVS
1463 105 1635 134 CLXXXI

104 216 260 265 ingenia
306 213 460 252 illarum
505 214 681 263 gentium
727 213 1024 251 considerantes
1070 215 1206 252 mirari
1253 214 1489 253 desinemus.
1541 214 1635 265 quid

104 279 207 331 quod
241 280 357 318 etiam
390 278 536 317 Marius
563 278 754 316 Maximus
787 279 924 317 florem
958 278 1165 329 quendam,
1193 279 1319 330 qualia
1348 285 1429 318 tum
1459 285 1635 330 tempora

104 349 233 394 erant,
266 345 596 395 repraesentauit,
635 349 741 382 certe
775 345 841 394 qui
876 356 964 382 eum
999 349 1158 382 secutus
1192 350 1267 395 est,
1304 344 1438 383 lunius
1472 344 1635 394 Cordus,

104 415 142 448 et
179 409 326 448 iudicio
365 415 404 447 et
442 408 516 447 tide
556 408 721 447 multum
761 408 807 447 ab
847 421 892 447 eo
926 408 1109 460 delapsus
1142 415 1217 459 est,
1252 411 1545 461 scriptoresque
1579 410 1635 448 hi-

103 475 247 513 storiae
279 475 476 525 Augustae
509 474 740 512 Diocletiani
775 479 813 512 et
851 474 1097 512 Constantini
1138 476 1269 513 fauore
1310 477 1370 513 usi
1413 477 1555 526 partim
1594 477 1636 514 in

104 541 285 591 epitomis
325 539 604 578 contrahendis
643 541 931 590 acquieuerunt
968 540 1110 590 partim
1156 541 1294 578 inscita
1338 542 1555 579 imitatione
1596 542 1635 579 in

103 604 384 644 absurditatem
419 610 457 643 et
490 604 666 643 fraudem
701 604 996 642 aberrauerunt.

220 671 250 708 A
284 670 462 709 Suetonii
494 671 617 720 igitur
647 671 741 708 uitis
775 674 813 707 et
846 669 1036 720 exemplis
1070 682 1233 708 exorsus
1259 670 1404 709 Marius
1432 671 1635 722 Maximus,

101 740 144 773 ut
182 734 265 786 ille,
305 734 510 773 duodecim
551 736 833 785 imperatorum
872 735 974 772 uitas
1015 736 1191 786 scripsit,
1226 735 1378 774 Neruae
1416 741 1453 773 et
1487 749 1635 787 eorum,

102 801 169 851 qui
201 813 326 851 usque
359 799 407 838 ad
439 799 733 850 Heliogabalum
767 805 1057 838 successerunt.
1110 802 1250 838 citatae
1291 806 1381 839 sunt
1421 801 1579 840 Traiani
1592 798 1636 855 ¹),

101 870 183 904 tum
228 865 417 903 Hadriani
457 865 531 914 (fr.
559 864 586 902 8
613 866 740 915 adn),
785 864 906 903 Marci
945 866 1127 912 (11.12.
1156 867 1212 904 13
1246 868 1371 916 adm),
1416 866 1635 905 Pertinacis

102 930 209 981 (18),
249 930 430 982 Septimii
470 930 609 968 Seueri
643 930 728 977 (19.
757 930 844 980 20),
883 930 1126 981 Heliogabali
1161 932 1267 982 (26),
1309 931 1449 970 deinde
1496 944 1635 970 secun-

102 995 193 1034 dum
227 997 312 1034 eius
346 997 618 1034 auctoritatem
652 995 797 1033 relatae
830 1008 906 1045 res,
940 1008 1038 1046 quae
1071 997 1272 1047 pertinent
1305 997 1351 1035 ad
1384 999 1549 1048 imperia
1576 997 1636 1035 Pii

101 1062 179 1112 (9),
213 1060 417 1099 Commodi
444 1062 531 1108 (14.
554 1061 620 1098 15.
643 1061 730 1111 16),
759 1061 922 1099 fortasse
952 1063 1068 1099 etiam
1096 1061 1143 1099 ad
1170 1061 1324 1100 Neruae
1346 1063 1423 1110 (1).
1466 1062 1635 1113 denique

101 1139 164 1164 res
191 1139 268 1165 non
297 1126 413 1165 dubia
441 1131 511 1176 est,
533 1127 627 1176 quin
654 1130 693 1164 et
714 1126 944 1164 Suetonium
975 1128 1267 1165 continuauerit
1295 1134 1332 1165 et
1362 1133 1449 1166 ante
1471 1127 1635 1166 Alexan-

102 1191 217 1230 drum
244 1191 436 1230 Seuerum
470 1191 704 1241 substiterit,
736 1196 780 1229 ut
811 1191 877 1229 ille
911 1196 999 1230 ante
1028 1191 1199 1230 Neruam
1227 1192 1529 1244 Traianumque,
1556 1194 1579 1231 i.
1603 1206 1635 1231 e.

101 1262 189 1295 ante
234 1258 390 1295 initium
437 1256 625 1295 felicioris
670 1256 833 1307 saeculi,
873 1269 949 1307 quo
987 1262 1154 1308 uterque
1195 1257 1242 1296 ad
1275 1257 1530 1297 scribendum
1562 1260 1635 1296 im-

99 1322 237 1373 pulsus
271 1328 364 1361 erat.
405 1323 554 1360 uixisse
587 1323 709 1372 igitur
739 1321 900 1360 uidetur
932 1322 1004 1360 sub
1030 1322 1262 1373 Alexandro,
1296 1323 1335 1361 id
1369 1323 1471 1374 quod
1506 1324 1551 1362 fr.
1582 1321 1636 1362 14

101 1388 374 1438 confirmatur,
413 1400 489 1438 quo
530 1387 824 1426 adulescentem
862 1387 926 1425 uel
965 1389 1151 1426 iuuenem
1188 1390 1398 1439 imperium
1433 1388 1636 1427 Commodi

101 1465 142 1491 se
174 1452 324 1491 uidisse
356 1458 534 1491 testatur.

218 1517 300 1556 Hoc
346 1523 477 1556 autem
521 1519 606 1556 eius
652 1517 861 1556 consilium
907 1524 1008 1569 erat,
1052 1524 1095 1557 ut
1145 1524 1376 1570 perpetuam
1428 1519 1635 1558 historiam

99 1582 330 1633 Romanam,
370 1585 434 1621 cui
473 1582 769 1634 complectendo
803 1584 1007 1633 ingenium
1040 1585 1167 1635 impar
1200 1590 1321 1635 esset,
1355 1586 1395 1623 in
1428 1586 1530 1623 uitas
1562 1586 1634 1623 im-

98 1654 327 1699 peratorum
361 1648 598 1687 dissolueret
631 1653 668 1686 et
700 1648 874 1698 singulas
900 1661 972 1699 per
998 1662 1039 1687 se
1067 1649 1359 1699 cognoscendas
1387 1655 1424 1688 et
1450 1650 1635 1700 legendas

100 1713 247 1764 ederet,
292 1726 419 1764 neque
462 1713 623 1752 uidetur
665 1715 818 1752 ueritus
863 1726 968 1764 esse,
1012 1727 1062 1752 ne
1108 1714 1271 1753 eandem
1317 1727 1401 1753 rem
1445 1717 1486 1753 in
1530 1715 1635 1754 binis

100 1779 279 1829 referret,
325 1780 359 1817 si
404 1779 608 1817 decedenti
651 1784 689 1817 et
733 1778 960 1817 succedenti
1005 1781 1234 1830 imperatori
1273 1782 1491 1818 communis
1531 1785 1636 1819 esset

101 1845 231 1891 (Plew
254 1857 299 1894 p.
327 1844 384 1882 13
403 1846 518 1893 sqq.).
569 1849 756 1895 tyrannos
801 1849 930 1882 autem
975 1846 1126 1895 proprii
1166 1845 1255 1883 libri
1293 1846 1442 1884 honore
1483 1845 1636 1896 dignari

99 1906 280 1964 noluit2),
314 1910 381 1960 qui
408 1910 464 1947 eis
490 1914 625 1960 postea
653 1922 672 1947 a
698 1909 810 1947 Iunio
838 1909 963 1947 Cordo
991 1909 1164 1948 tributus
1191 1916 1262 1960 est,
1294 1912 1334 1948 in
1363 1924 1439 1961 quo
1470 1923 1635 1949 numero

100 1987 190 2013 cum
223 1973 398 2025 Opellius
433 1970 623 2028 (Opilius)
652 1973 849 2012 Macrinus
879 1974 1037 2013 habitus
1065 1987 1143 2013 11011
1171 1981 1286 2026 esset,
1321 1976 1490 2014 eundem
1518 1989 1635 2027 quem

100 2039 196 2078 alios
222 2041 481 2091 imperatores
509 2052 597 2078 eum
625 2041 825 2090 accepisse
854 2036 1089 2094 sequiturss)
1124 2040 1314 2079 librorum
1340 2041 1499 2079 uinculo
1528 2054 1632 2079 com-

221 2173 252 2215 1)
279 2171 466 2215 Lamprid.
488 2171 593 2205 Alex.
616 2171 696 2205 Seu.
719 2175 776 2215 48,
798 2176 817 2206 6
845 2172 926 2207 Scio
946 2172 1100 2217 uulyum
1118 2173 1213 2207 hane
1234 2185 1306 2207 rem
1326 2185 1435 2217 quam
1455 2175 1635 2217 contemti,

104 2225 263 2259 Traiani
280 2228 424 2269 putare,
456 2225 518 2259 sed
549 2236 660 2269 neque
691 2226 732 2259 in
764 2227 843 2260 uita
877 2226 954 2259 eius
979 2225 1018 2258 id
1045 2226 1197 2260 Murius
1223 2227 1417 2261 Illaoez'nms
1448 2228 1502 2261 ita
1528 2238 1633 2271 empo-

99 2279 174 2312 suit
198 2289 309 2322 neque
336 2282 368 2312 et
393 2289 423 2322 q.
444 2289 470 2312 s.

220 2332 253 2374 2)
279 2330 428 2375 Vopisc.
450 2331 559 2366 Firm.
584 2336 614 2374 1,
637 2335 653 2365 1
690 2333 925 2368 Minusculos
956 2338 1134 2379 tyrannos
1164 2335 1237 2368 scio
1263 2335 1454 2377 plerosque
1480 2335 1634 2368 tacuisse

101 2388 166 2418 aut
197 2385 351 2419 breuiter
378 2386 602 2428 praeterisse.
641 2397 728 2420 nam
759 2390 792 2420 et
823 2386 1019 2421 Suetonius
1048 2387 1295 2431 Tranquillus,
1322 2387 1635 2422 emendatissimus

100 2441 133 2472 et
163 2437 448 2472 candidissimus
482 2439 652 2482 scriptor,
684 2439 889 2473 Antonium
921 2440 1177 2483 Vindicemque
1208 2442 1340 2481 tacuit,
1378 2444 1564 2474 contentus
1595 2452 1634 2475 eo

101 2492 196 2535 quod
233 2501 290 2525 eos
327 2492 461 2525 cursim
493 2492 775 2535 perstrinxerat,
814 2498 846 2527 et
882 2494 1033 2528 Marius
1065 2494 1259 2528 ,Maximus
1290 2494 1471 2528 Auidium
1509 2495 1636 2529 Marci

100 2544 330 2588 temporibus,
367 2545 546 2579 Albinum
584 2549 617 2579 et
653 2545 814 2590 Nigrum
852 2546 979 2581 Seueri
1015 2558 1089 2580 non
1126 2548 1203 2581 suis
1236 2548 1401 2590 propriis
1439 2548 1542 2581 libris
1572 2548 1634 2582 sed

101 2597 232 2631 alienis
257 2598 437 2631 innexuit.
477 2596 530 2632 Cf.
551 2597 594 2631 fr.
618 2601 671 2632 19.

221 2652 253 2694 3)
279 2649 380 2684 Infra
412 2662 446 2695 p.
476 2662 616 2685 CLXXXV
648 2651 809 2685 Marium
834 2651 1039 2686 Maximum
1078 2653 1255 2687 habuisse
1291 2663 1528 2697 exponemus,
1569 2665 1633 2688 0111·

101 2702 247 2748 Opellio
281 2703 442 2748 gratiam
473 2703 638 2746 referret,
671 2714 791 2748 neque
818 2705 1040 2739 aduersatus
1071 2705 1150 2740 eius
1176 2706 1257 2740 uita
1284 2717 1305 2740 a
1332 2706 1544 2751 Capitolino
1573 2707 1631 2740 ‘ex

102 2756 261 2791 diuersis
286 2756 454 2791 historiis
481 2757 601 2791 eruta’
625 2760 670 2802 (1,
693 2759 725 2802 1)
751 2757 812 2792 uel
842 2758 903 2792 ‘de
928 2758 1101 2802 plurimis
1129 2758 1301 2794 collecta’
1330 2762 1398 2805 (15,
1420 2761 1465 2813 222),
1492 2760 1530 2793 in
1557 2771 1632 2804 qua
