1842 3133
497 111 544 145 M.
567 111 885 145 SALVIDIENVS
914 133 955 137 —
984 111 1226 145 ONESIMVS
1544 113 1622 151 153

101 222 343 272 crocodillos,
376 227 537 260 unctum
570 222 869 261 crocodillorum
903 222 1094 274 adipibus,
1129 228 1281 261 natasse
1309 229 1347 261 et
1373 223 1620 274 elephantum

102 288 248 325 rexisse
281 292 319 325 et
352 288 625 339 hippopotamo
659 287 808 326 sedisse
842 293 880 326 et
916 288 1116 327 sedentem
1156 288 1383 337 ingentibus
1422 290 1622 327 strutioni-

100 352 171 391 bus
204 358 362 391 uectum
395 366 481 391 esse
515 358 552 392 et
584 354 694 404 quasi
727 352 924 392 uolitasse.

624 508 684 554 M.
725 507 793 554 SA
803 506 1093 553 LVIDIENI

1661 591 1727 620 272,

219 610 260 652 1.
305 615 394 663 Vop.
423 616 586 653 Satura.
616 615 671 653 ‚10
706 614 746 652 Et
783 627 870 653 rum
906 628 993 653 eum
1023 614 1376 664 {sss'alnrnsnzwnj
1405 616 1623 653 animarent
1651 650 1739 679 1032

61 690 75 713 5
97 678 158 717 uel
193 679 238 717 ad
273 680 390 717 uitam
425 679 487 717 uel
515 679 560 717 ad
595 681 815 730 imperium,
843 681 909 730 qui
936 681 1182 718 amicuerunt
1210 692 1434 730 purpuram,
1462 681 1499 717 in
1529 681 1622 718 liaeo

97 744 217 782 uerba
240 744 440 783 disseruit:
471 743 666 796 Nescitis,
689 744 928 795 an1i‹=i‚'‹p¹id
950 744 1039 783 mali
1069 746 1118 783 sit
1138 746 1343 795 imperare.
1378 745 1492 795 gladii
1517 752 1621 783 saeta

97 809 311 860 pendentes
333 809 556 848 ceruicibus
577 811 782 861 inminent,
804 810 937 848 hastae
958 809 1143 861 undique,
1166 809 1338 861 undique
1360 811 1519 861 spii-ula.
1548 812 1622 861 ipsi

97 874 279 913 custodes
313 876 513 926 timentur,
547 876 621 926 ipsi
656 876 819 914 comites
849 875 1119 914 formidantur.
1154 887 1231 913 non
1260 875 1372 913 cibus
1407 888 1476 926 pro
1511 876 1622 914 uolu-

94 944 211 991 ptate,
249 952 326 978 non
364 940 441 978 iter
478 953 548 991 pro
588 942 831 991 auctoritate,
870 954 947 979 non
979 940 1081 979 bella
1112 953 1183 992 pro
1217 940 1373 991 iudicio7
1407 954 1483 979 non
1517 954 1621 979 arma

42 1020 74 1044 10
95 1018 165 1056 pro
211 1004 350 1044 studio.
402 1005 499 1044 adde
550 1006 653 1057 quod
698 1008 824 1045 omnis
869 1011 974 1045 aetas
1019 1007 1057 1045 in
1098 1007 1264 1057 imperio
1305 1006 1621 1057 reprelienditur:

95 1083 213 1109 senex
248 1076 307 1109 est
339 1069 565 1122 quispiam?
608 1071 792 1111 inhabilis
825 1071 999 1124 uidetur3
1042 1070 1304 1110 adulescens?
1346 1077 1405 1110 est
1438 1072 1620 1110 furiosus.

93 1137 169 1174 iam
209 1135 303 1187 quid
342 1136 547 1176 amabilem
586 1137 768 1176 omnibus
800 1137 970 1176 Probum
1011 1135 1126 1176 dico?
1177 1138 1239 1176 cui
1273 1150 1362 1177 cnm
1396 1150 1457 1175 me
1491 1150 1620 1175 aemu-

94 1201 173 1239 lum
213 1214 299 1240 esse
339 1203 499 1253 cupitis,
539 1204 602 1241 eui
641 1202 766 1241 libens
806 1203 900 1241 cedo
941 1209 974 1241 el
1017 1204 1128 1241 cuius
1168 1202 1244 1241 dux
1284 1215 1370 1241 esse
1410 1204 1542 1253 cupio,
1581 1204 1620 1241 in

94 1267 369 1305 necessitatem
416 1269 554 1305 mortis
598 1281 659 1307 me
704 1268 869 1307 trahitis.
927 1268 1049 1307 liabeo
1095 1268 1275 1306 solatium
1314 1269 1468 1306 mortis:
1515 1267 1621 1307 solus

41 1346 72 1371 15
92 1332 223 1382 perire
263 1344 339 1370 non
384 1330 547 1383 potero.’
599 1333 645 1372 M.
687 1333 936 1372 Saluidienus
975 1334 1074 1372 hauc
1111 1334 1234 1384 ipsius
1273 1335 1488 1371 orationem
1527 1346 1621 1372 uere

94 1397 214 1435 fuisse
255 1396 358 1435 divit.
417 1403 455 1436 et
494 1399 566 1436 l'uit
605 1411 646 1436 re
686 1411 778 1437 uera
820 1412 896 1437 uon
935 1411 1073 1450 parum
1114 1399 1318 1437 litteratus.
1376 1412 1464 1436 nam
1505 1404 1542 1437 et
1582 1400 1619 1436 in

92 1462 219 1500 Africa
266 1462 413 1500 rhetori
458 1475 615 1514 operam
662 1463 839 1515 dederat,
884 1464 1028 1503 Romae
1075 1465 1394 1515 f1·e‹plentauerat
1438 1464 1620 1515 pergulas

92 1527 347 1578 magistrales.

554 1658 726 1705 FABII
765 1659 1155 1706 GERYLLIANI

210 1760 250 1805 1.
295 1766 384 1815 Vop.
412 1766 502 1804 Car.
530 1767 567 1814 4,
589 1766 616 1804 3
649 1765 724 1804 Sed
757 1766 899 1804 Fabius
932 1766 1185 1818 (lm-yllianus,
1219 1768 1284 1817 qui
1318 1772 1490 1818 tempora
1519 1768 1619 1818 (lari,

38 1844 71 1869 20
92 1831 222 1868 (larini
256 1836 294 1869 et
326 1830 554 1869 Numeriani
587 1831 844 1870 solertissime
878 1837 1109 1882 persecutus
1144 1838 1213 1883 est,
1249 1832 1461 1881 [Carum]
1490 1844 1618 1883 neque

90 1895 234 1934 Romae
267 1895 335 1934 sed
363 1897 401 1934 in
430 1896 581 1947 Illyrico
609 1898 783 1947 genitum
818 1909 944 1948 neque
978 1897 1188 1936 Pannoniis
1216 1898 1283 1936 sed
1312 1898 1451 1936 Poenis
1479 1910 1616 1948 paren-

90 1960 193 1999 tibus
227 1960 374 2000 adserit
405 1967 550 2000 natum.

516 2114 778 2162 ONESIMI
817 2115 969 2162 VITA
1008 2116 1195 2162 PROBI

211 2216 253 2261 1.
295 2222 385 2271 Vop.
415 2223 532 2261 Proc.
561 2223 627 2271 13,
657 2222 679 2259 l
720 2221 791 2260 Hie
825 2227 954 2260 tamen
989 2222 1222 2273 [Proculus]
1259 2236 1345 2261 cum
1381 2225 1494 2262 etiam
1530 2231 1616 2275 post

90 2286 257 2324 honores
302 2286 491 2325 militares
529 2299 570 2325 se
608 2286 772 2338 inprobe
818 2287 1042 2338 libidinose,
1083 2293 1212 2327 tamen
1253 2289 1406 2327 fortiter
1448 2295 1616 2340 gereret,

1655 2208 1723 2238 280

1645 2267 1734 2297 1033

210 2419 246 2454 2.
278 2417 583 2466 hippopa‘camos
611 2418 667 2456 ed.
688 2419 725 2456 P
741 2430 809 2457 em.
834 2419 1034 2457 Turnebus
1155 2420 1418 2458 strueionibus
1440 2421 1475 2457 P

211 2471 253 2526 l,
288 2478 324 2514 5.
358 2478 748 2527 amugieruntPem.
773 2478 939 2517 Gasaub.
1076 2480 1111 2516 6.
1145 2479 1288 2529 gladiis
1321 2481 1359 2516 et
1392 2492 1414 2516 a
1445 2480 1613 2528 penden-

89 2535 194 2572 tibus
214 2536 250 2572 P
404 2538 439 2573 9.
473 2536 576 2573 inter
594 2537 632 2574 P
811 2539 875 2574 11.
909 2537 1067 2575 additur
1103 2538 1163 2575 his
1197 2540 1236 2575 et
1267 2539 1397 2576 furore
1422 2540 1455 2575 P
1483 2539 1613 2577 adule-

90 2593 226 2631 scens?
260 2597 318 2632 est
351 2595 525 2633 furiosus
550 2598 689 2642 seripsi
813 2598 876 2633 12.
910 2598 973 2633 eui
1005 2598 1219 2634 memulum
1240 2593 1294 2634 P1
1327 2599 1391 2634 eui
1422 2612 1483 2635 me
1516 2611 1612 2636 aem.

88 2654 126 2690 P
141 2665 236 2691 corr.
270 2666 357 2690 eum
389 2655 479 2692 cedd.
499 2654 718 2692 Salmasius
861 2657 924 2692 17.
958 2658 1125 2694 rectorio
1152 2657 1188 2693 P
1204 2669 1272 2695 em.
1294 2657 1495 2695 Baehrens

89 2713 441 2762 frequentauerant
473 2714 639 2764 pergula
671 2715 911 2752 ministrales
939 2716 974 2751 P
1154 2711 1196 2767 l,
1232 2718 1295 2753 19.
1330 2717 1462 2754 fauius
1483 2713 1539 2754 P¹

211 2767 252 2822 1,
289 2773 352 2810 24.
386 2772 577 2812 militares
610 2786 698 2811 eum
731 2787 769 2811 se
796 2774 833 2811 P
948 2777 1101 2825 regeret
1126 2776 1275 2813 Pcorr.
1298 2775 1497 2814 Baehrens
