1842 3133
186 140 393 168 (XXXVIII
519 124 578 158 DE
607 123 911 158 SCRIPTORVM
940 123 1063 157 VITIS
1090 123 1150 157 ΕΤ
1179 123 1386 158 SCRIPTIS

189 240 484 286 lssaede'nfferam
515 238 540 274 J
552 250 595 285 st.
616 236 703 274 333
717 237 817 284 sqq.)
852 235 987 286 uoluit,
1021 239 1059 273 et
1086 234 1347 274 Corbulonem
1381 240 1419 274 et
1444 234 1622 273 Tacitum
1651 246 1713 272 res

185 302 462 353 geographicas
502 302 631 339 minus
674 313 832 339 curasse
867 300 1127 339 censebimus.
1192 301 1254 338 hie
1289 313 1399 352 sane,
1437 305 1481 339 ut
1513 301 1587 338 arti
1621 311 1713 338 suae

186 370 443 417 satisfaceret,
496 366 720 405 nominibus
766 366 865 405 ultra
913 366 1069 405 modum
1115 368 1292 417 pepercit
1337 368 1497 414 (Geseh.
1538 366 1631 405 Lm.
1666 366 1718 404 II

176 449 218 484 p.
248 434 342 472 210.
374 433 559 481 2S7sqs),
588 432 643 470 illi
677 437 817 483 autem,
851 433 917 483 qui
951 433 1066 471 etiam
1100 432 1235 470 boram
1269 432 1361 471 solis
1390 431 1564 470 defectus
1592 430 1710 469 adno-

186 504 333 538 tauerat
381 499 450 548 (fr.
480 499 542 548 I),
590 497 694 536 idem
745 499 901 536 crimini
948 497 1038 536 dare
1084 497 1147 536 uel
1192 497 1400 536 Rhaudeae
1446 498 1603 535 nomine
1648 495 1712 535 uel

188 566 230 603 t'r.
259 563 296 603 23.
329 562 356 602 4
390 564 460 613 (cf.
489 565 602 611 adn.)
636 568 827 602 uetamur.

538 754 584 802 C.
614 754 966 802 SVETONIVS
1005 750 1372 808 PAVLINVSs)

309 881 378 919 llic
413 883 451 919 in
486 882 680 919 contraria
714 882 871 932 imperii
903 885 1013 932 parte
1053 881 1151 919 fines
1189 879 1374 918 tuebatur
1406 876 1585 918 ‘scientia
1618 878 1718 917 mili-

189 949 262 986 tari
289 953 322 985 61
348 959 504 985 rumore
532 946 666 998 populi
693 946 927 985 Corbulonis
954 950 1201 985 61111661131111·
1228 950 1486 996 receptaeque
1514 945 1719 983 Armeniae

189 1013 307 1051 decus
348 1025 514 1064 aequare
554 1012 710 1051 domitis
749 1012 948 1051 Britannis
988 1009 1166 1063 cupiens’
1212 1006 1327 1064 (Tae.
1355 1012 1466 1049 XIIv
1493 1011 1566 1061 29,
1607 1011 1719 1048 annis

187 1074 605 1132 59512—610814),
645 1078 827 1129 idemque
862 1079 979 1116 etiam
1020 1078 1320 1116 commentarios
1358 1077 1535 1127 scripsit,
1578 1075 1720 1127 quibus

189 1157 251 1184 res
285 1146 323 1183 in
352 1144 602 1195 Mauretania,
636 1156 724 1182 eum
759 1157 789 1182 a.
817 1140 975 1196 421795
1010 1143 1158 1194 legatus
1191 1144 1411 1194 praetorius
1440 1147 1554 1193 esset,
1588 1154 1720 1193 perse-

189 1216 302 1249 cutus
337 1215 395 1249 est
429 1210 499 1260 (fr.
528 1211 585 1257 I).
650 1222 743 1247 num
785 1210 900 1248 etiam
940 1209 1040 1247 ultra
1074 1221 1308 1260 progressus
1348 1209 1414 1257 sit,
1456 1207 1617 1246 dubium
1650 1212 1720 1245 est.

188 1276 338 1315 Plinius
379 1281 483 1314 certe
523 1277 640 1314 unius
680 1274 786 1326 libri,
827 1287 903 1326 quo
944 1274 1155 1325 descriptio
1195 1274 1459 1313 Mauretaniae
1499 1274 1722 1312 continetur

190 1338 270 1397 (V),
298 1347 497 1380 auctorem
526 1354 614 1380 eum
650 1342 786 1379 citauit
818 1346 853 1379 et
888 1341 928 1379 in
962 1340 1090 1379 indice
1125 1345 1162 1379 et
1195 1341 1233 1378 in
1262 1344 1369 1378 textu
1396 1352 1524 1391 neque
1553 1351 1720 1377 6111111116-

188 1412 412 1447 morauerat.
450 1408 490 1445 in
530 1412 685 1458 quarto,
725 1420 801 1458 quo
835 1406 1076 1456 Britanniae,
1116 1407 1182 1457 qui
1222 1406 1308 1444 fons
1348 1407 1432 1444 eius
1471 1404 1616 1456 gloriae
1651 1404 1723 1443 suit,

190 1475 305 1521 (Tac.
332 1475 420 1513 laist.
450 1474 499 1512 II
520 1474 608 1522 37),
641 1477 847 1524 postquam
874 1472 939 1511 uel
966 1485 1066 1511 auno
1093 1473 1178 1523 ipso
1205 1468 1376 1524 42s795
1402 1470 1467 1510 uel
1493 1470 1607 1522 paulo
1634 1475 1722 1521 post

190 1539 327 1578 consul
366 1540 554 1578 suffectus
593 1538 682 1591 fuit3
722 1551 811 1577 nam
850 1539 889 1576 111
931 1538 1003 1576 hae
1042 1539 1201 1588 regione
1240 1536 1390 1588 legatus
1428 1549 1500 1588 pro
1539 1540 1721 1587 praetore

191 1607 272 1644 acie
306 1606 420 1643 etiam
456 1604 599 1643 clarius
639 1616 702 1643 res
741 1605 862 1655 gessit
901 1616 1016 1655 quam
1050 1602 1236 1654 Corbulo,
1277 1602 1494 1654 descriptas
1534 1615 1553 1640 a
1587 1601 1721 1640 Tacito

190 1673 229 1710 in
263 1672 341 1710 11113
377 1670 578 1721 Agricolae
612 1683 643 1708 c.
674 1667 846 1708 14—16
881 1674 919 1708 et
951 1670 1075 1708 fusius
1114 1670 1153 1707 in
1194 1668 1399 1707 annalibus
1431 1667 1514 1706 xlv
1547 1664 1721 1706 29—39

192 1743 229 1776 et
262 1750 281 1775 a
315 1737 448 1775 Cassio
481 1735 603 1774 Dione
632 1733 699 1786 62,
730 1733 884 1786 1—12,
919 1747 1005 1773 cum
1029 1740 1064 1773 et
1087 1734 1261 1773 subactis
1289 1733 1513 1772 nationibus
1541 1734 1722 1771 firmatis·

191 1816 265 1855 que
306 1801 515 1854 praesidiis
559 1801 719 1840 biennio
764 1813 973 1852 prosperas
1019 1813 1083 1839 res
1129 1799 1291 1838 haberet
1330 1800 1450 1848 (Aqr.
1478 1799 1551 1846 14)
1599 1803 1637 1836 et
1681 1799 1721 1836 in

192 1869 344 1907 Monam
385 1867 551 1906 insulam
586 1868 803 1905 exercitum
844 1867 1027 1905 traiceret
1070 1867 1188 1915 (Assr.
1215 1868 1238 1904 l.
1264 1878 1294 1904 s.
1323 1878 1415 1903 ann.
1445 1877 1476 1903 C.
1501 1865 1643 1913 wsq.)
1685 1869 1723 1902 et

192 1934 282 1973 inde
318 1946 502 1972 reuersus
537 1933 768 1972 seditionem
804 1932 1022 1971 Boudiccae
1062 1944 1136 1970 una
1178 1932 1299 1969 atroci
1340 1943 1468 1982 pugna
1509 1929 1723 1968 debellaret

193 2002 310 2049 (Aqr.
339 2001 405 2038 16.
434 2012 527 2038 ann.
556 2012 588 2037 c.
617 1999 671 2037 31
687 2011 769 2048 sqq.
804 2000 880 2037 Dio
908 2010 940 2037 c.
964 1998 1118 2047 lsqq.).
1182 1996 1249 2035 sed
1290 2010 1309 2034 a
1348 1995 1444 2034 Iulio
1485 1995 1722 2033 Classiciano

191 2071 447 2117 procuratore
488 2066 527 2103 in
573 2064 671 2102 urbe
717 2064 867 2102 delatus
906 2076 983 2102 non
1028 2064 1159 2101 minus
1201 2075 1316 2114 quain
1360 2060 1527 2099 Corbulo
1570 2062 1601 2098 si
1644 2073 1721 2098 non

193 2137 335 2181 morte,
377 2136 505 2168 tamen
547 2142 776 2168 successore
811 2134 969 2180 accepto
1003 2128 1171 2167 Neronis
1211 2127 1399 2166 inuidiam
1439 2131 1623 2177 expertus
1665 2130 1724 2164 est,

194 2200 305 2241 (ann.
335 2197 442 2235 XII*
471 2195 595 2244 3834.
630 2197 728 2244 Αθν.
764 2196 850 2243 16),
891 2200 971 2233 111111
1018 2207 1112 2233 uero
1155 2195 1277 2245 gratia
1324 2192 1586 2243 redintegrata
1631 2204 1721 2229 con-

194 2263 319 2301 sulatu
361 2261 558 2300 ordinario
593 2274 623 2299 a.
646 2258 813 2313 sssss'sslfl
849 2261 1016 2298 functus.
1068 2259 1169 2297 bello
1192 2259 1297 2297 ciuili
1322 2259 1382 2296 bic
1411 2255 1722 2296 ‘uetustissimus

193 2323 482 2366 consularium'
515 2328 623 2373 (laist.
654 2328 703 2365 J]
718 2327 793 2373 37)
837 2338 1019 2376 magnum
1066 2326 1354 2363 nmnimentum
1394 2322 1571 2375 partibus
1605 2322 1722 2361 Otho-

194 2395 321 2432 nianis
367 2394 456 2443 fuit,
513 2406 587 2443 quo
628 2392 725 2430 sama
779 2404 892 2430 nemo
945 2391 1125 2429 militaris
1179 2391 1232 2428 rei
1286 2389 1463 2427 callidior
1507 2388 1723 2426 habebatur

196 2461 258 2503 (le.
288 2460 337 2497 ]Ι
358 2460 445 2505 32).
510 2457 586 2495 illis
632 2462 760 2495 autem
807 2458 922 2495 uictis
963 2456 1072 2494 foeda
1107 2457 1356 2493 excusatione
1390 2454 1491 2505 apud
1524 2453 1721 2492 Vitellium

195 2526 313 2562 uitam
348 2524 518 2561 seruauit
549 2522 603 2568 (lz.
634 2524 683 2561 II
705 2524 778 2570 60)
814 2527 851 2560 et
878 2523 916 2560 in
945 2521 1182 2560 obscuritate
1211 2520 1374 2559 delituit.

196 2697 376 2740 quasdam
410 2709 465 2730 res
499 2697 667 2731 narrauit
699 2708 793 2741 quae
827 2696 940 2731 etiam
975 2696 1072 2740 apud
1106 2695 1275 2729 Tacitum
1310 2693 1551 2728 inueniuntur
1578 2693 1668 2733 (uid.
1695 2704 1720 2726 S.

194 2764 227 2794 p.
254 2763 393 2788 mptum:
423 2751 465 2783 111·
488 2750 631 2783 ratione
652 2752 788 2790 tamen,
816 2761 911 2793 quae
932 2750 1028 2783 inter
1048 2760 1108 2781 eos
1136 2748 1354 2790 intercedat,
1376 2746 1515 2781 indicia
1535 2746 1720 2780 deficiunt.

320 2810 348 2847 1)
379 2804 417 2836 V.
445 2804 589 2847 l'rosop.
616 2804 660 2836 111
688 2816 721 2847 p.
746 2808 811 2837 ets
841 2816 872 2837 n.
897 2807 974 2837 694.
