1842 3133
192 110 317 140 CLIIII
516 108 579 142 DE
607 106 913 142 SCRIPTORVM
942 106 1064 141 VITIS
1092 106 1152 141 ET
1180 106 1387 142 SCRIPTIS

191 226 315 259 cassel
351 221 453 267 (nid.
486 222 622 268 (ΙΙ-ωας]
651 232 690 268 J).
722 220 823 267 772)
858 242 911 245 —
946 219 1202 270 Tacitumque
1237 221 1451 271 scriptores
1490 222 1575 260 eius
1617 221 1718 260 ultra

191 285 349 324 modum
383 285 578 323 studiosos
613 286 683 331 (ll
705 286 808 331 101)
844 284 1104 335 redarguisse.
1156 286 1262 336 atqui
1297 287 1371 324 etsi
1402 286 1466 324 hie
1499 291 1536 325 et
1568 286 1718 326 Plutar-

192 352 288 390 chus
335 353 372 389 in
420 350 538 389 rebus
581 356 696 401 atque
740 352 855 389 etiam
902 352 940 388 in
986 352 1155 401 ingeniis
1200 351 1402 390 hominum
1449 351 1718 392 describendis

191 422 370 455 accurate
415 418 518 454 inter
561 430 601 454 se
644 418 908 466 consentiunt,
951 416 1163 454 discrimen
1209 408 1336 455 tamen
1379 417 1574 468 quoddam
1615 420 1720 458 inter

191 484 467 521 aiu-toritatum
495 494 651 532 genera,
679 495 775 533 quas
803 481 1010 533 appellant,
1037 482 1258 521 intercedit.
1304 495 1392 521 nam
1420 484 1536 522 etiam
1559 483 1718 523 Tacitus

191 560 306 598 saepe
350 547 468 598 idque
511 547 632 586 multo
678 549 835 599 saepius
877 560 993 599 quani
1036 549 1075 586 in
1115 547 1321 587 annalibus
1354 545 1494 587 ‘credi'
1529 561 1610 588 rem
1650 549 1718 588 ali-

191 626 305 664 quam
334 626 419 651 esse
454 614 548 651 satis
581 613 716 652 babuit
749 626 1079 652 commemorasse
1095 610 1126 668 1)
1167 619 1283 665 atque
1324 620 1457 665 aperte
1497 615 1718 666 aequalium

191 692 394 718 sermones
441 680 640 730 l'amasque
686 676 880 734 citauit2),
932 679 1036 718 idem
1082 684 1229 730 tamen,
1270 681 1302 718 si
1347 686 1498 732 posset,
1538 687 1718 720 auctores

190 745 253 783 uel
299 746 516 796 scriptores
563 744 767 784 substituit
806 750 931 795 (zap.
969 747 1104 796 CLIII),
1156 758 1243 784 oum
1290 745 1487 785 Plutarchi
1533 760 1576 785 ea
1622 748 1718 786 ratio

190 817 305 862 atque
344 810 382 849 id
423 810 631 849 consilium
671 817 792 862 esset,
830 816 870 849 ut
912 823 975 850 res
1015 811 1062 850 ad
1096 816 1216 850 testes
1249 811 1423 851 oculatos
1439 808 1471 866 3)
1513 818 1719 851 reuocaret.

191 889 317 928 neque
350 890 535 928 umquam
571 876 618 915 ad
646 878 859 928 scriptores
887 882 1043 928 praeter
1070 877 1252 916 Cluuium
1266 874 1315 931 4),
1348 879 1400 916 ita
1432 883 1476 916 111
1509 878 1555 917 (16
1583 878 1718 917 eadem

191 955 232 981 re
278 942 477 981 Plutarchi
520 944 788 981 testimonium
829 939 989 995 ἑτέρων
1022 937 1075 994 ἧν
1108 940 1324 982 ἀκούειν
1357 944 1468 991 (Ode.
1502 958 1534 983 c.
1568 946 1612 992 9)
1659 957 1718 983 re-

190 1008 378 1060 spondeat
413 1008 539 1047 Taciti
571 1009 603 1047 ll
631 1006 684 1047 37
722 1007 908 1048 Ἵηηεηῖο
942 1010 1054 1058 apud
1084 1010 1276 1057 quosdam
1309 1008 1576 1062 a‘zlotores’3
1616 1009 1719 1061 quod

189 1075 265 1112 nisi
299 1074 400 1113 hunc
436 1076 687 1114 auctoritates
721 1087 811 1113 suas
845 1075 1005 1113 linxisse
1039 1087 1257 1125 sumamus,
1296 1074 1390 1113 alias
1430 1074 1476 1113 ad
1510 1075 1718 1114 emendan-

190 1139 281 1178 dum
315 1145 353 1179 et
385 1139 648 1191 supplendum
687 1152 933 1178 communem
974 1140 1121 1178 fontem
1160 1139 1338 1179 adhibuit
1376 1154 1524 1192 suoque
1561 1143 1718 1192 ingenio

190 1211 225 1244 et
261 1207 335 1244 arti
369 1205 490 1244 multo
524 1205 688 1244 liberius
722 1205 886 1244 indulsit
918 1218 1033 1257 quam
1063 1205 1247 1256 GraecuS,
1280 1206 1319 1244 id
1346 1206 1449 1257 quod
1477 1208 1594 1245 etiam
1621 1208 1717 1258 ipsis

188 1270 305 1310 rebus
328 1273 562 1322 comparatis
584 1272 839 1310 confirmatur
854 1276 871 1319 (
873 1274 910 1309 ⁷11.
927 1273 1067 1310 Nissen
1076 1286 1119 1321 p.
1130 1273 1216 1310 514
1224 1284 1305 1321 sqq.
1322 1273 1498 1323 Fabius).
1512 1273 1593 1311 161
1602 1285 1684 1322 sqq.
1682 1275 1718 1324 J,

188 1342 302 1388 atque
336 1337 498 1375 consilio
532 1342 652 1375 testes
693 1337 866 1376 oculatos
905 1339 1107 1376 nominare
1147 1339 1315 1389 spreuit,
1361 1339 1435 1376 etsi
1474 1338 1602 1377 facere
1641 1352 1717 1378 non

187 1404 324 1453 potuit,
370 1404 463 1454 quin
509 1402 721 1442 multorum
767 1415 969 1442 sermones
1015 1402 1180 1453 audiret,
1224 1405 1277 1442 ita
1316 1408 1446 1442 tamen
1494 1410 1537 1442 ut
1576 1406 1718 1443 acritas

186 1467 323 1506 iudicii
357 1481 444 1506 eum
486 1481 563 1507 non
598 1464 839 1523 deficeret.5)
905 1481 992 1508 nam
1033 1481 1132 1521 quae
1165 1469 1398 1509 Plutarchus
1433 1465 1614 1525 (Iulium)
1650 1470 1717 1509 Se-

188 1533 358 1572 cundum
400 1534 596 1574 rhetorem
636 1533 780 1574 Othoni
820 1534 865 1573 ab
905 1534 1101 1586 epistulis,
1141 1534 1267 1586 qualis
1307 1537 1428 1574 animi
1464 1537 1619 1587 patroni
1658 1537 1717 1575 sui

189 1600 352 1638 affectus
392 1605 479 1639 ante
520 1612 689 1652 pugnam
728 1599 1031 1640 Bedriacensem
1077 1602 1232 1651 fuisset,
1278 1613 1459 1640 narrasse
1499 1596 1552 1655 (c.
1580 1602 1606 1640 9
1646 1598 1717 1641 καὶ

188 1669 317 1704 τοῦτο
350 1660 431 1716 μὲν
458 1662 671 1719 διηγεῖτο)
701 1667 857 1717 copiose
887 1667 1092 1706 rettulerat
1107 1663 1154 1721 6),
1187 1667 1345 1705 Tacitus
1379 1668 1430 1706 II
1451 1669 1509 1706 40
1540 1667 1716 1707 breuiter

189 1732 239 1769 ita
272 1737 481 1770 memorat:
522 1732 619 1771 Otho
643 1754 696 1758 —
719 1744 803 1771 rem
831 1735 869 1771 in
901 1734 1116 1772 descrimen
1139 1736 1242 1772 milli
1263 1735 1436 1784 iubebat,
1458 1746 1583 1782 aeqer
1603 1745 1717 1773 mora

188 1803 225 1835 et
256 1800 341 1847 spei
374 1800 586 1848 impatiens
620 1792 686 1850 (cf.
716 1797 820 1836 Suet.
848 1797 934 1836 Oth.
963 1795 988 1835 9
1020 1801 1107 1837 sine
1140 1801 1352 1848 impatiens
1384 1801 1579 1847 lonqiore's
1611 1802 1714 1838 solli-

188 1859 414 1916 citudinis),
460 1862 505 1901 de
552 1864 681 1901 causis
727 1868 857 1903 autem
903 1876 1056 1915 pugnae
1102 1865 1177 1903 iam
1223 1876 1471 1903 communem
1517 1869 1716 1904 auctorem

307 2039 340 2081 1)
366 2036 381 2070 Ῑ
410 2042 446 2080 7;
476 2041 535 2080 14;
570 2039 630 2085 [34
658 2038 973 2085 arbitrabantur];
1001 2042 1055 2072 78.
1090 2038 1122 2072 Π
1149 2042 1187 2081 2;
1215 2043 1275 2080 21ς
1304 2041 1364 2082 93;
1393 2042 1454 2082 95;
1483 2042 1537 2073 99.
1577 2039 1627 2074 III
1656 2043 1715 2082 113

187 2093 240 2123 65.
281 2090 331 2124 IV
358 2094 412 2125 86.
453 2091 486 2123 V
513 2095 567 2126 22.

306 2144 462 2187 2)141.
503 2145 535 2178 Π
562 2148 591 2179 3.
632 2145 1033 2189 11165;71;77;78.
1073 2146 1123 2180 IV
1149 2150 1211 2189 523
1239 2150 1300 2189 603
1328 2150 1389 2189 61;
1417 2150 1470 2180 81.

307 2202 340 2241 3)
368 2197 500 2232 Othon.
518 2209 545 2233 e.
563 2202 582 2232 9
604 2211 637 2232 u.
654 2210 775 2245 supra.
794 2203 835 2233 14
864 2198 970 2235 Οὕτω
991 2198 1057 2244 μὲν
1077 2199 1112 2235 οἱ
1132 2201 1292 2235 πλεῖστοι
1311 2206 1383 2234 τῶν
1403 2199 1717 2245 παραγενομένων

186 2250 453 2297 ἀπαγγέλλουσι
480 2251 657 2296 γενέσθαι
682 2253 750 2298 τὴν
776 2252 910 2298 μάχην,
931 2251 1017 2288 οὐδὲ
1047 2253 1153 2288 αὐτοὶ
1179 2260 1306 2298 σαφῶς
1332 2253 1596 2299 ὁμολογοῦντες
1625 2252 1716 2289 εἰδέ-

186 2318 247 2339 ναι
275 2305 319 2339 τὰ
346 2303 438 2340 καθ’
470 2304 604 2340 ἕκαστα
631 2305 694 2340 διὰ
721 2306 787 2351 τὴν
814 2305 971 2349 ἀταξίαν
998 2306 1060 2341 καὶ
1087 2307 1152 2352 τὴν
1180 2305 1405 2351 ἀνωμαλίαν.

304 2360 338 2403 4)
367 2358 450 2393 Oth.
474 2363 503 2393 3.
527 2359 633 2394 Gallo.
659 2364 700 2394 14
727 2359 797 2396 εἴτε
825 2359 872 2400 ὥς
898 2371 1014 2404 φασιν
1041 2360 1133 2395 ἔνιοι
1160 2382 1202 2386 —-
1225 2359 1311 2403 εἶ’τες
1346 2364 1388 2395 19
1416 2359 1485 2395 εἴτε
1508 2382 1549 2387 —-
1572 2360 1641 2395 εἴτε
1669 2359 1716 2401 ὥς

186 2423 301 2455 φασιν
329 2413 439 2454 {mou
467 2417 510 2447 27
539 2413 586 2453 ὡς
607 2413 641 2447 οἱ
668 2415 828 2448 πλεῖστοι
854 2412 1023 2459 λέγουσιν
1046 2435 1088 2440 —
1110 2413 1201 2448 ἔνιοι
1229 2413 1269 2449 δὲ
1293 2435 1335 2440 -—·
1358 2413 1393 2449 οἱ
1419 2413 1459 2449 δὲ
1482 2435 1524 2440 -
1547 2413 1583 2449 οἱ
1609 2413 1659 2450 δέ.

305 2471 323 2500 5
328 2481 338 2510 J
365 2466 458 2500 Hist.
481 2466 530 2500 IV
558 2470 599 2502 81
640 2472 830 2512 utramnque
856 2467 1090 2512 (miraculum
1111 2467 1346 2512 Vespasiani)
1375 2469 1439 2513 qui
1469 2468 1714 2511 interfuerunt

188 2531 283 2554 mene·
309 2532 445 2564 qnoque
473 2525 678 2562 memorant,
701 2525 936 2566 postquam
962 2522 1104 2556 nullm
1132 2522 1316 2557 mendacio
1336 2523 1504 2566 pretium.

306 2578 337 2616 Gy
368 2573 486 2607 Aliter
518 2585 574 2608 res
609 2585 645 2608 se
673 2574 787 2609 habet
814 2586 842 2609 e.
867 2578 920 2617 14,
959 2574 1023 2609 ubi
1062 2574 1256 2609 Mestrium
1295 2574 1443 2609 Florum
1483 2574 1713 2610 consularem

186 2626 257 2660 sibi
291 2627 474 2670 quaedam
506 2640 572 2672 per
604 2627 802 2672 planitiem
834 2627 1118 2663 Beclriaeensem
1151 2628 1359 2663 ambulanti
1394 2629 1438 2662 de
1474 2630 1598 2673 strage
1636 2640 1713 2663 cor-

187 2691 316 2724 porum
356 2692 524 2715 narrasse
558 2683 746 2727 (διηγεῖτο)
785 2681 905 2717 tenori
940 2681 1166 2717 narrationis
1206 2693 1293 2716 suae
1332 2681 1504 2725 inseruit3
1543 2681 1615 2716 fuit
1652 2682 1712 2716 hio

186 2735 295 2767 notus
323 2733 385 2767 ille
413 2734 552 2768 amicus
580 2735 779 2769 Plutarchi.
822 2735 985 2769 studium
1012 2738 1137 2770 tamen
1164 2735 1315 2770 testium
1343 2735 1572 2770 oculatorum
1599 2735 1711 2770 etiam

187 2786 244 2819 hic
273 2787 521 2820 manufestum
551 2790 614 2821 nst..
