1842 3133
212 96 308 124 XXII
540 79 603 112 DE
631 75 940 112 SCRIPToRVM
967 75 1092 109 VITIS
1120 75 1181 109 ET
1208 74 1417 110 SCRIPTIS

214 195 298 231 iure
343 199 470 230 tamen
514 203 583 228 suo
626 202 713 227 eum
757 189 796 225 in
841 186 1122 225 excellentibus
1165 186 1313 225 Latinis
1357 187 1556 225 historicis
1601 189 1742 239 posuit,

216 257 423 297 dummodo
458 269 504 294 ne
539 256 604 306 qui
639 267 701 292 res
736 257 967 293 exornarent
1004 251 1072 290 sed
1106 253 1171 303 qui
1206 253 1474 292 examinarent
1508 258 1546 292 et
1581 254 1743 292 inuesti-

215 329 349 373 garcnt
393 322 515 360 dictos
556 332 641 357 csse
680 320 1000 369 interpretenmr.
1063 330 1231 368 namque
1270 317 1598 369 quemadmodum
1637 320 1743 370 prin-

216 391 345 440 cipum
375 386 694 438 pbilosophorum
722 389 928 435 praecepta
956 396 1044 421 eum
1072 384 1123 421 ita
1150 382 1334 422 babuisse
1361 389 1544 434 percepta
1575 384 1744 434 tradidit,

217 461 254 493 ut
285 454 344 491 bis
372 452 418 491 ad
445 454 566 491 uitam
594 449 794 501 agendam,
819 462 895 487 non
923 448 969 487 ad
997 450 1297 487 ostentationem
1325 454 1503 488 uteretur
1523 452 1575 496 (c.
1599 450 1665 498 17,
1686 450 1749 499 3),-

217 526 332 571 atque
371 519 443 556 etsi
483 529 635 555 summa
675 516 866 553 suauitate
906 515 985 552 oris
1025 519 1140 565 atque
1180 515 1289 553 uocis
1328 514 1509 565 florebat,
1543 521 1585 553 ut
1619 514 1745 553 excel-

219 585 344 623 lenter
364 587 539 634 poemata
561 581 833 633 pronuntiaret
849 580 906 628 (I,
921 582 959 618 3.
982 581 1019 628 al,
1036 581 1092 630 l),
1109 579 1276 618 eundem
1299 586 1428 619 tamen
1451 580 1746 619 recitationibus

217 650 374 700 gloriari
404 648 575 687 noluisse
603 646 671 685 sed
699 647 793 684 satis
820 645 1003 684 habuisse
1031 645 1255 684 incredibili
1282 645 1475 685 breuitate
1503 658 1747 685 summorum

218 717 394 755 uirorum
438 714 704 752 Romanorum
756 712 854 750 sacta
904 712 1234 762 magistratusque
1285 713 1487 763 quaternis
1539 713 1748 763 quinisque

218 780 401 820 uersibus
442 779 513 818 sub
559 777 797 829 imaginihus
840 789 974 815 eorum
1016 778 1245 828 exposuisse
1279 774 1560 831 (IS,5sq.)¹),
1605 778 1661 815 sic
1704 776 1749 815 de

220 847 381 885 bistoria
421 857 553 884 rerum
592 841 861 882 tantummodo
901 844 1180 893 cognitionem,
1228 842 1486 893 diligentiam,
1531 843 1748 881 ubertatem

221 911 415 963 praedicat
452 922 577 961 neque
611 908 824 960 quidquam
859 921 901 946 ea
937 908 1088 947 dulcius
1122 921 1207 946 esse
1241 922 1355 959 posse
1384 910 1451 960 eis,
1485 910 1551 960 qui
1582 908 1751 959 aliquam

222 977 474 1028 cupiditatem
518 974 684 1013 habeant
732 975 891 1011 notitiae
937 973 1131 1012 clarorum
1176 975 1353 1012 uirorum
1393 977 1444 1018 (e.
1476 970 1561 1028 118).
1624 973 1751 1012 Etiam

222 1043 307 1081 aliis
348 1041 464 1080 rebus
502 1041 597 1079 haec
632 1040 728 1078 ratio
766 1038 985 1077 studiorum
1021 1039 1307 1090 comprobatur.
1373 1053 1459 1078 nam
1494 1040 1630 1077 Cicero
1664 1052 1751 1077 cuni

223 1110 306 1147 eius
349 1107 492 1145 librum
537 1106 581 1144 de
625 1104 829 1144 consulatu
873 1104 1047 1156 legisset,
1089 1104 1289 1143 horridula
1329 1105 1403 1143 sibi
1441 1105 1503 1143 illa
1545 1110 1659 1156 atque
1696 1106 1752 1142 in-

224 1179 375 1224 compta
417 1174 502 1211 uisa
545 1184 631 1209 esse
674 1171 895 1221 rescripsit,
943 1176 1077 1208 ornata
1119 1170 1190 1208 boc
1234 1172 1336 1222 ipso,
1379 1171 1480 1222 quod
1526 1176 1752 1209 ornamenta
1794 1168 1796 1170 ’

225 1239 397 1289 neglecta
441 1242 571 1276 essent
607 1239 681 1284 (ad
713 1238 790 1275 Aa.
820 1237 869 1274 II
899 1238 933 1281 I,
963 1237 1019 1282 I).
1085 1236 1223 1275 deinde
1267 1237 1416 1275 Atticus
1459 1241 1541 1274 arta
1584 1236 1754 1274 amicitia

225 1318 312 1343 cum
346 1304 392 1342 M.
420 1303 603 1341 Terentio
631 1302 802 1340 Varrone
843 1303 1075 1340 coniunctus
1115 1307 1214 1352 erat,
1248 1303 1314 1352 qui
1354 1308 1389 1340 et
1425 1301 1544 1339 libros
1578 1303 1636 1340 lle
1669 1304 1755 1340 uita

217 1373 361 1420 paludi
388 1370 562 1408 Romani
595 1367 642 1406 ad
676 1380 764 1406 eum
799 1368 903 1405 misit
938 1373 970 1405 et
1009 1379 1126 1405 senex
1160 1368 1199 1405 in
1234 1369 1302 1418 eis,
1335 1380 1432 1418 quos
1467 1367 1512 1405 de
1541 1379 1582 1405 re
1611 1367 1755 1405 rustica

227 1436 456 1486 composuit,
490 1433 776 1484 colloquentem
809 1445 897 1471 eum
926 1433 1091 1483 induxit,
1118 1446 1207 1471 cum
1235 1432 1371 1471 Cicero
1399 1434 1527 1471 animo
1555 1438 1591 1470 et
1619 1431 1755 1470 uolun-

228 1507 303 1540 tate
338 1500 384 1539 ad
413 1500 625 1538 Varronem
658 1497 761 1536 haud
795 1499 847 1536 ita
880 1498 1088 1537 inclinaret
1119 1499 1325 1550 Atticoque
1359 1500 1501 1537 iterum
1534 1499 1756 1548 iterumque

228 1566 446 1605 monendus
480 1570 593 1615 esset,
627 1570 667 1603 ut
701 1565 741 1601 in
775 1565 933 1614 scriptis
967 1565 1048 1603 suis
1082 1565 1165 1602 eius
1200 1565 1388 1603 rationem
1422 1564 1594 1602 haberet.
1641 1564 1756 1601 etiam

228 1633 344 1670 ,mici
383 1632 503 1682 igitur
541 1630 679 1668 honori
718 1629 756 1667 id
795 1629 982 1668 tribuisse
1015 1629 1190 1681 uidetur,
1231 1635 1270 1668 ut
1311 1631 1351 1667 in
1384 1629 1502 1668 Bruto
1537 1630 1625 1677 (75,
1652 1629 1756 1675 262)

231 1698 275 1736 de
309 1697 486 1735 Caesaris
521 1696 813 1734 commentariis
853 1695 1030 1733 iudicans
1069 1695 1167 1733 nibil
1206 1709 1292 1734 esse
1325 1696 1364 1733 in
1398 1695 1559 1734 historia
1591 1706 1689 1745 pura
1722 1699 1759 1732 et

231 1764 373 1801 illustri
418 1762 610 1800 breuitate
656 1760 807 1799 dulcius
851 1773 936 1799 esse
979 1757 1222 1814 statueret.2)
1274 1767 1356 1799 tum
1397 1760 1551 1811 Cicero,
1591 1772 1677 1798 cum
1713 1759 1758 1797 ad

232 1830 399 1866 ‚tun-um
435 1827 625 1865 scriberet
661 1827 748 1872 (ΓΙ
775 1827 813 1875 l,
842 1826 927 1877 18),
961 1826 1163 1865 Timaeum
1198 1828 1282 1865 eius
1316 1825 1546 1864 familiarem
1581 1824 1759 1876 appellat,

231 1906 346 1945 quem
393 1893 563 1943 antiquis
611 1891 852 1942 temporibus
896 1896 1056 1943 propter
1100 1893 1228 1930 onmia
1274 1891 1480 1942 colligendi
1526 1890 1758 1928 industriam

233 1967 532 2010 temporumque
568 1957 717 1995 ordinis
751 1957 1013 1995 constituendi
1049 1956 1220 1995 studium
1254 1957 1339 1995 aliis
1378 1956 1637 2006 admirationi,
1676 1955 1760 1993 aliis
1812 1980 1815 1981 ν

234 2026 374 2063 inrisui
415 2024 534 2062 fuisse
575 2028 737 2061 constat.
791 2022 958 2073 denique
993 2036 1036 2060 ex
1070 2023 1140 2061 boc
1177 2024 1260 2061 eius
1294 2034 1437 2073 genere
1470 2020 1667 2059 scribendi
1703 2033 1760 2059 re—

236 2089 445 2141 petendum
480 2095 550 2139 est,
584 2088 687 2139 quod
721 2095 753 2126 et
785 2088 1026 2139 Cicersmem,
1060 2094 1098 2127 ut
1129 2088 1174 2126 ad
1201 2088 1404 2126 bistoriam
1433 2100 1473 2125 se
1500 2091 1761 2135 conuerteret,

235 2155 433 2194 adhortari
466 2168 542 2192 non
578 2154 738 2203 destitit,
771 2166 855 2191 eam
889 2153 1037 2191 scilicet
1072 2153 1118 2191 ob
1153 2166 1321 2204 causam,
1356 2165 1402 2190 ne
1438 2152 1583 2190 diutius
1610 2151 1762 2190 litterae

358 2270 388 2312 1)
416 2267 489 2302 Hos
522 2278 649 2301 uersus
684 2270 855 2312 separato
889 2267 1077 2301 uolumine
1110 2267 1251 2312 publici
1289 2266 1379 2300 iuris
1412 2266 1512 2309 fecit,
1546 2265 1575 2299 si
1611 2265 1763 2309 quidem

240 2321 378 2355 Plinius
404 2333 438 2355 n.
460 2321 493 2354 h.
518 2325 572 2363 35,
597 2325 635 2355 11
671 2321 747 2355 tale
775 2321 852 2355 eius
880 2332 971 2365 opus
999 2320 1146 2355 citauit:
1179 2321 1384 2365 lmaqimm
1411 2331 1565 2354 amorem
1591 2321 1763 2363 flagrasse

237 2374 416 2420 quondam
441 2379 540 2409 testes
559 2379 645 2410 szmt
659 2376 804 2409 Atticus
826 2375 882 2409 ille
899 2375 1081 2409 Ciceronis
1100 2375 1193 2409 edito
1214 2375 1256 2407 cle
1276 2375 1326 2407 eis
1344 2373 1540 2414 nonomine,
1561 2373 1614 2406 M.
1637 2373 1762 2414 Varro,

238 2428 410 2472 idemque
438 2439 634 2472 usurpasse
666 2428 814 2462 uidetur
840 2427 877 2461 in
904 2427 1010 2461 libris
1032 2441 1080 2461 v11
1103 2429 1140 2461 et
1158 2440 1284 2469 xxx111‚
1318 2426 1356 2460 in
1389 2438 1544 2470 quorum
1577 2425 1763 2460 indicibus

241 2480 480 2526 ‘Pomponius
508 2481 668 2515 Atticus'
698 2483 943 2516 enumeratur.

360 2536 393 2579 2)
421 2534 600 2569 Similiter
626 2535 874 2579 Tyrannionis
901 2534 1061 2569 eruditio
1089 2534 1135 2568 ab
1164 2534 1288 2568 Attico
1322 2533 1438 2578 pluris
1466 2533 1578 2568 fiebat
1604 2543 1715 2577 quam
1743 2543 1765 2566 a

240 2588 413 2622 Cicerone
435 2588 497 2632 (ad
520 2588 676 2622 Att.X11
697 2593 728 2631 6,
745 2590 779 2633 2)
800 2588 963 2632 itemque
985 2586 1145 2622 Cornelii
1166 2587 1322 2632 Nepotis
1342 2586 1530 2629 ieiunitas,
1550 2586 1614 2630 qui
1640 2598 1764 2620 rursus

240 2641 375 2675 librum
404 2642 447 2675 cle
475 2641 551 2675 uita
581 2641 840 2676 excellentium
868 2642 1134 2686 imperatorum
1156 2641 1378 2675 Graecorum
1404 2640 1450 2674 ad
1472 2640 1637 2674 Atticum
1663 2638 1765 2673 misit

241 2697 353 2738 atque
386 2694 464 2728 eius
502 2697 634 2739 rogatu
673 2695 810 2729 librum
850 2695 895 2728 <le
931 2694 1011 2729 uita
1043 2695 1080 2728 et
1114 2694 1276 2728 moribus
1316 2694 1362 2727 M.
1391 2692 1539 2727 Catonis
1573 2692 1764 2737 (Censorii)

243 2747 614 2792 separatimspraeter
629 2759 709 2782 eam
724 2759 835 2791 quani
850 2747 1036 2783 historicis
1052 2747 1194 2782 Latinis
1209 2746 1378 2791 inseruit)
1393 2745 1483 2781 fecit
1496 2745 1576 2790 (uit.
1590 2744 1666 2780 Cat.
1678 2749 1709 2789 3,
1719 2747 1763 2789 5).
