1842 3133
643 92 826 126 MARIVS
854 92 1080 126 MAXIMVS
1442 94 1628 124 CLXXXV

94 205 304 255 imperium
343 203 489 242 Marius
528 203 719 241 Maximus
765 203 931 253 epistula
978 205 1124 241 inserta
1172 203 1352 241 docuisse
1398 203 1473 241 sibi
1517 205 1630 243 uisus

96 275 156 308 est
197 269 272 319 (fr.
301 268 388 316 18).
441 281 539 319 quae
582 268 627 306 de
668 268 857 319 Septimio
898 268 1046 306 Seuero
1086 268 1303 318 fragmenta
1343 269 1426 307 eius
1469 268 1516 307 ad
1559 281 1630 307 nos

94 339 374 385 peruenerunt,
408 333 454 371 ad
488 339 650 371 stemma
684 346 926 384 uxoremque
961 333 1097 371 luliam
1127 333 1315 372 bomnam
1350 339 1389 372 et
1421 333 1467 372 ad
1500 339 1630 385 tyran-

95 412 166 438 nos
206 398 418 437 debellatos
457 400 656 449 pertinent
690 399 759 448 (fr.
790 399 995 449 19—25),
1042 398 1110 437 sed
1154 398 1218 436 uel
1263 411 1308 437 ex
1342 399 1403 437 bis
1450 412 1538 437 eum
1583 399 1630 437 ad

95 464 444 515 reprehensionem
490 463 701 502 inclinasse
740 463 940 514 uidemus,
983 476 1071 502 eum
1123 465 1399 514 imperatmvm
1442 464 1631 515 perfidiae

95 529 297 567 cuiusdam
343 530 383 566 in
429 528 677 567 aduersarios
723 528 973 567 insimularet
1018 529 1337 579 seueritatisque,
1378 542 1452 579 qua
1493 542 1629 567 eorum

95 593 309 632 seditiones
341 593 595 632 uindicasset.
646 593 750 631 idem
777 593 914 631 Dionis
949 593 994 631 de
1028 606 1070 632 ea
1104 598 1214 644 parte
1248 595 1405 644 imperii
1440 594 1631 633 iudicium

95 660 179 710 fuit,
213 661 325 697 cuius
359 660 523 709 aequius
556 664 684 697 tamen
720 658 766 696 de
800 658 905 711 aliis3
940 658 1081 709 quodsi
1114 660 1229 696 etiam
1260 658 1454 709 Spartiani
1485 659 1530 697 de
1558 660 1631 697 boc

95 726 244 763 fautore
289 724 470 773 militum,
509 725 670 762 inimico
707 729 866 762 senatus
907 723 1116 773 dubitauit,
1159 723 1233 761 boc
1266 736 1284 761 a
1319 723 1485 762 Maximo
1520 737 1631 775 repe-

95 795 234 839 temus,
269 801 383 840 quem
418 788 713 838 Heliogabalum
746 789 1001 827 infamantem
1030 790 1105 838 (fr.
1128 785 1248 842 2671)
1278 794 1315 827 et
1347 789 1510 828 meliore
1544 792 1631 829 iure

95 854 325 894 hereditatis
365 854 584 892 Caracallae
624 854 837 893 succedere
879 854 1061 892 debuisse
1100 854 1365 892 Alexandrum
1405 862 1632 894 narrantem

97 920 172 970 (fr.
196 920 269 968 20)
295 920 387 958 huie
414 920 559 958 fauisse
588 932 633 958 ex
662 921 730 969 eis,
758 932 857 970 quae
886 921 960 957 iam
990 920 1254 969 exposuimus,
1282 920 1376 958 satis
1404 919 1633 970 explicatur.

215 984 386 1023 Consilio
432 997 505 1023 nos
556 984 682 1022 adhuc
733 986 835 1023 intra
881 997 925 1023 ea
970 985 1256 1035 continuimus,
1311 997 1410 1035 quae
1457 985 1502 1023 de
1548 986 1633 1035 ipso

96 1051 287 1101 scriptore
326 1051 498 1088 uitarum
538 1051 752 1088 memoriae
791 1049 934 1088 tradita
975 1055 1066 1088 sunt
1104 1049 1167 1088 uel
1205 1063 1250 1088 ex
1285 1051 1369 1088 eius
1403 1051 1635 1100 fragmentis

96 1117 181 1153 erui
233 1120 457 1166 potuerunt.
517 1114 585 1153 sed
637 1115 753 1153 etiam
805 1115 1029 1166 complures
1082 1114 1296 1153 dicationes
1348 1117 1387 1153 in
1439 1114 1635 1166 lapidibus

97 1182 282 1230 (Prosop.
304 1181 410 1229 Hp.
438 1181 526 1218 346
552 1193 589 1218 η.
617 1180 722 1227 233)
757 1180 804 1218 ad
839 1192 910 1218 nos
943 1185 1215 1231 peruenerunt
1248 1193 1407 1219 cursum
1441 1181 1634 1218 honorum

95 1246 208 1284 Marii
240 1245 397 1284 Maximi
431 1245 634 1284 cuiusdam
669 1245 846 1284 eiusdem
880 1247 1070 1296 temporis
1104 1250 1382 1284 enumerantes
1411 1251 1450 1284 et
1476 1245 1636 1284 Cassius

95 1311 165 1349 Dio
204 1312 448 1362 praefectum
486 1310 597 1349 urbis
631 1310 677 1349 ab
710 1310 862 1361 Opellio
896 1310 1069 1349 Macrino
1109 1312 1149 1348 in
1182 1310 1310 1349 locum
1343 1310 1511 1349 Aduenti
1545 1310 1635 1349 sub-

97 1377 277 1414 stitutum
311 1377 396 1413 eius
429 1376 600 1413 nominis
632 1381 827 1414 memorat
854 1375 943 1424 (78,
972 1376 1039 1426 14,
1067 1376 1117 1422 3,·
1143 1376 1212 1427 36,
1234 1377 1270 1415 I.
1307 1376 1372 1425 79,
1394 1377 1433 1425 2,
1454 1377 1480 1415 2
1500 1372 1634 1430 sq.).2)

96 1442 204 1492 atqui
230 1441 271 1478 in
299 1441 570 1491 copiosissimo
599 1440 758 1491 quidem
793 1441 906 1479 titulo
935 1436 977 1494 (1
1002 1454 1010 1479 ε
1038 1442 1075 1480 C.
1099 1442 1130 1479 I.
1153 1442 1196 1479 L.
1223 1443 1281 1479 VI
1302 1442 1325 1479 I
1355 1454 1391 1480 n.
1416 1438 1549 1495 1450)
1579 1440 1636 1479 di-

98 1507 201 1545 citur
242 1505 282 1544 L.
310 1505 454 1544 Marius
488 1505 528 1544 L.
556 1505 579 1543 f.
613 1505 805 1544 Maximus
846 1506 1066 1557 Perpetuus
1105 1506 1340 1545 Aurelianus
1376 1506 1511 1545 Illluir
1553 1507 1636 1544 1113-

98 1584 185 1610 rum
219 1570 500 1621 curandarum,
532 1570 717 1609 tribunus
757 1571 979 1610 laticlauius
1012 1571 1179 1621 legionis
1218 1571 1323 1609 XXII
1360 1571 1638 1622 Primigeniae,

97 1638 191 1676 item
233 1637 372 1675 tertiae
412 1635 586 1685 Italicae,
620 1642 806 1687 quaestor
843 1636 1036 1687 urbanus,
1075 1636 1259 1675 tribunus
1303 1637 1353 1688 pl.
1393 1636 1638 1688 candidatus,

98 1701 260 1740 allectus
298 1703 403 1739 inter
440 1703 679 1752 praetorios,
719 1707 877 1740 curator
915 1703 973 1740 rei
1004 1715 1040 1753 p.
1068 1702 1389 1753 Fauentiuorum,
1422 1704 1515 1741 item
1548 1704 1637 1740 uiae

98 1767 271 1816 Latinae,
304 1765 455 1817 legatus
482 1768 632 1817 primae
664 1766 832 1817 legionis
859 1767 1016 1805 Italicae
1046 1766 1103 1816 [in
1131 1767 1307 1817 Moesia],
1336 1767 1412 1806 dux
1440 1769 1638 1806 exercitus

97 1831 261 1883 Mysiaci
295 1831 335 1881 [i.
364 1844 395 1869 e.
422 1831 624 1881 Moesiaci]
665 1832 768 1883 apud
806 1831 1037 1883 Byzantium
1078 1831 1162 1881 [ubi
1202 1838 1337 1871 contra
1374 1832 1637 1871 Pescennium

99 1910 131 1936 a.
161 1893 256 1936 195,
287 1893 369 1935 196
404 1909 467 1935 res
500 1902 608 1947 gesta
643 1896 717 1947 est]
760 1902 797 1935 et
831 1897 933 1948 apud
966 1896 1229 1947 Lugudunum
1264 1897 1349 1947 [ubi
1382 1903 1517 1936 contra
1551 1896 1638 1935 Clo-

100 1962 207 2000 dium
247 1961 430 2000 Albinum
464 1974 494 2001 a.
524 1959 646 2013 197],
680 1962 830 2013 legatus
863 1963 1128 2012 Augustorum
1167 1962 1333 2001 duorum
1368 1962 1408 2013 [i.
1437 1975 1468 2001 e.
1498 1962 1638 2001 Seueri

100 2033 139 2065 et
173 2026 392 2065 Caracallae
426 2040 457 2065 a.
488 2024 752 2077 198—209]‚
784 2040 895 2078 prou.
929 2027 1123 2078 Belgicae,
1157 2027 1391 2066 Germaniae
1424 2028 1638 2077 inferioris,

100 2092 236 2143 Syriae
270 2091 426 2142 Coelae,
460 2093 642 2131 sacerdos
676 2093 835 2144 fetialis,
864 2090 1045 2131 ‘consuls
1093 2094 1132 2131 in
1173 2093 1310 2132 eodem
1343 2098 1473 2131 autem
1506 2098 1638 2132 monte

101 2156 232 2196 Caelio
266 2159 383 2196 etiam
417 2163 499 2196 tres
532 2157 598 2196 alii
629 2158 733 2196 tituli
766 2159 919 2197 inuenti
952 2164 1044 2196 sunt
1076 2170 1163 2196 eum
1199 2160 1372 2209 quinque
1406 2158 1484 2196 illis
1513 2159 1638 2196 nomi-

99 2221 230 2272 nibus,
263 2223 303 2260 in
337 2234 502 2273 quorum
530 2235 608 2261 uno
638 2228 697 2261 est
722 2235 882 2274 praeses
908 2224 1138 2274 prouinciae
1164 2224 1365 2262 inferioris
1388 2218 1434 2277 (2
1456 2237 1464 2261 :
1491 2224 1529 2262 C.
1546 2224 1577 2261 I.
1594 2223 1638 2261 L.

110 2287 169 2325 VI
192 2288 215 2325 I
244 2299 281 2325 η.
304 2283 451 2341 1451),
485 2288 524 2326 111
558 2288 680 2326 altero
719 2300 790 2339 pro
831 2288 991 2326 consule
1024 2300 1134 2339 prou.
1161 2289 1333 2339 Africae,
1372 2293 1455 2326 tum
1494 2289 1639 2326 iterum

223 2431 255 2473 1)
283 2430 470 2475 Lamprid.
491 2431 557 2465 uit.
580 2431 725 2476 Heliog.
749 2436 804 2474 30,
825 2435 845 2465 8
886 2432 955 2467 Sed
981 2437 1013 2467 et
1038 2433 1123 2466 haec
1149 2436 1180 2466 et
1212 2433 1288 2465 alia
1321 2432 1501 2465 nonnulla
1533 2432 1639 2474 fidem

102 2485 335 2517 transeuntia
369 2484 473 2518 credo
506 2496 576 2519 esse
601 2487 686 2527 fleta
713 2486 757 2519 ab
784 2487 827 2528 is,
854 2487 918 2529 qui
943 2487 981 2519 εἴη
1009 2486 1166 2529 qratiam
1190 2485 1399 2519 Aleoecmzdri
1418 2485 1640 2529 Helioyaba-

103 2537 177 2570 lum
204 2536 405 2578 deformare
432 2538 638 2571 uoluerunt.

223 2590 256 2632 2)
283 2589 362 2623 Hoc
388 2601 498 2633 opere
526 2591 768 2635 comparandi
789 2591 1028 2635 supersedere
1048 2590 1250 2635 potuimus,
1272 2591 1303 2625 si
1324 2592 1422 2625 recte
1443 2590 1639 2625 Leerivain

103 2642 257 2687 <Etudes
291 2654 352 2677 sur
383 2642 565 2677 l'histoire
599 2644 765 2688 Auguste
797 2657 831 2689 p.
862 2647 927 2678 193
950 2645 1043 2688 sqq.)
1076 2643 1326 2688 biographum
1367 2644 1525 2678 eundem
1559 2654 1639 2678 esse

105 2697 217 2739 atque
251 2695 349 2729 hunc
380 2696 549 2740 lapidum
580 2699 764 2741 negasset.
819 2699 1039 2742 argmenta
1071 2698 1197 2731 tamen
1232 2697 1312 2731 eius
1343 2696 1448 2731 nulla
1475 2699 1572 2740 sunt,
1599 2696 1639 2731 id

104 2749 203 2792 quod
231 2749 296 2792 eis,
323 2760 419 2792 quae
446 2761 557 2794 supra
584 2750 727 2795 scripsi,
756 2751 848 2785 satis
876 2750 1084 2795 apparebit.
