1842 3133
608 118 644 157 C.
673 120 860 156 PLINIVS
887 119 1135 156 SECVNDVS
1479 121 1637 151 (mvnn

112 235 233 275 (tando
273 235 426 273 Nerone
472 234 729 286 pluribusque
769 235 946 272 minutiis
993 235 1227 284 flagitiisque
1273 233 1516 284 promendis,
1562 246 1635 283 qna

112 301 269 353 quidem
302 302 341 339 in
370 313 411 339 re
439 300 614 339 Suetonii
643 300 809 338 similior
836 305 894 338 est
921 300 991 349 (cs.
1014 313 1075 338 ew.
1095 312 1157 348 φ’.
1185 301 1346 338 Dionem
1370 300 1436 347 61,
1468 299 1517 336 II
1547 311 1634 337 cnm

112 368 302 406 Suetonio
337 379 369 404 c.
399 366 484 414 28),
513 379 599 404 cum
635 365 801 403 naturali
828 365 990 403 historia
1017 361 1313 414 consentirem,
1348 377 1423 402 non
1458 364 1635 402 Tacitum

111 432 179 470 sed
211 431 327 470 Plinii
361 431 542 469 historias
576 436 754 469 secutum
795 443 880 468 esse
914 431 1023 481 quasi
1057 442 1127 480 pro
1161 435 1268 468 certo
1301 442 1414 480 pono,
1447 435 1507 467 aut
1545 430 1634 467 11111(-

110 497 309 548 profectus
349 502 504 547 praeter
536 496 713 534 Tacitum
753 497 869 534 etiam
912 496 1160 545 Suetonium,
1204 495 1427 533 quenalem
1471 496 1634 546 eiusque

111 562 376 614 scholiastam,
422 563 653 612 scriptorem
702 560 922 611 tragoediae
961 560 1145 598 Octauiae
1188 573 1230 598 ex
1273 561 1330 598 eis
1368 573 1435 598 sua
1480 560 1525 598 de
1571 560 1635 598 illo

110 629 346 678 imperatore
392 627 567 666 hausisse
613 626 815 665 concludo.
879 638 968 664 nam
1013 625 1082 663 Dio
1128 627 1243 664 etiam
1289 625 1489 663 acerbiore
1547 625 1635 664 odio

117 706 231 744 quam
274 694 313 731 in
352 693 456 731 hunc
496 693 534 730 in
569 692 757 730 Senecam
790 691 1063 742 philosophum
1098 691 1225 742 ardet,
1265 704 1380 742 quem
1421 692 1493 729 etsi
1527 692 1638 729 initio

109 757 446 811 φρονιμώτατον
490 753 558 796 καὶ
609 755 919 796 δυνατώτατον
973 756 1185 807 appellauit.
1230 757 1316 804 (61,
1361 758 1399 807 3,
1444 758 1502 806 3),
1557 762 1636 795 stu-

110 836 224 875 prum
258 836 345 862 cum
378 823 472 861 Iulia
506 823 795 873 Agrippinaque
830 823 968 860 secisse
1002 823 1089 870 (61,
1119 822 1185 869 16,
1216 823 1257 869 I)
1293 820 1516 872 Neronique
1550 835 1636 872 per-

111 891 280 928 suasisse
324 890 491 940 scripsit,
534 893 573 926 ut
616 893 778 926 matrem
819 887 1012 926 occideret
1053 888 1139 936 (61,
1179 888 1241 938 12,
1278 888 1332 938 I),
1375 892 1455 925 tum
1503 894 1634 926 csmtra

109 954 217 993 illum
253 956 479 993 coniurasse
514 954 600 1004 (62,
634 954 728 1004 24),
768 953 951 991 Paulinae
991 954 1121 1003 uxori,
1167 966 1255 991 cum
1298 954 1381 1003 ipse
1420 954 1636 991 moriturus

111 1025 223 1071 esset,
251 1021 397 1059 inuitae
432 1025 597 1058 mortem
630 1031 789 1070 parasse
824 1019 910 1069 (62,
945 1019 1031 1069 25),
1072 1018 1174 1069 quod
1206 1018 1338 1056 odium
1372 1020 1443 1056 etsi
1478 1018 1636 1057 Tacitus

111 1098 186 1124 non
232 1087 437 1137 ignorauit,
484 1097 572 1123 cum
611 1084 650 1122 P.
685 1084 865 1123 Suillium
900 1084 1041 1122 similia
1075 1085 1109 1122 ei
1151 1083 1451 1135 exprobrantem
1492 1085 1633 1123 faceret

111 1154 222 1199 (ame.
270 1152 342 1200 13,
388 1152 552 1201 42⁸4),
604 1152 642 1188 in
695 1149 862 1188 naturali
916 1155 1042 1188 tamen
1095 1149 1256 1187 historia
1320 1162 1366 1188 ne
1424 1151 1634 1200 uestigium

110 1216 266 1267 quidem
313 1218 396 1255 eius
449 1217 662 1267 reperitur,
714 1217 832 1254 immo
885 1228 960 1266 quo
1011 1228 1088 1253 uno
1141 1214 1224 1253 loco
1277 1215 1446 1253 Senecae
1494 1215 1636 1254 indolis

110 1283 256 1320 mentio
296 1284 353 1333 111,
396 1282 441 1320 de
481 1281 545 1319 illo
581 1280 773 1332 ‘principe
815 1286 895 1319 tum
934 1280 1166 1319 cruditionis
1206 1294 1249 1319 ac
1286 1282 1496 1331 potentiae,
1537 1294 1635 1332 quae

111 1353 307 1398 postremo
346 1349 467 1386 nimia
506 1348 584 1385 ruit
625 1359 744 1397 super
781 1348 927 1397 ipsum,
968 1347 1128 1384 minime
1168 1347 1302 1397 utique
1337 1347 1522 1384 miratore
1555 1347 1636 1384 ina-

110 1410 234 1451 nium’
269 1414 361 1464 (14,
402 1414 489 1464 51),
536 1425 623 1451 cum
670 1411 890 1450 laudatione
937 1411 1141 1450 iudicatur.
1208 1413 1314 1462 atqui
1358 1411 1520 1450 Dionem
1566 1412 1636 1450 hac

111 1478 280 1517 Senecae
320 1477 467 1517 inuidia
506 1479 769 1516 narrationem
809 1477 1025 1515 Plinianam
1072 1478 1200 1528 ipsum
1241 1477 1425 1515 infecisse
1460 1490 1536 1515 non
1578 1484 1637 1516 est

110 1556 180 1582 cur
229 1549 430 1595 putemus,
482 1557 597 1594 quam
643 1543 690 1582 ob
738 1556 818 1582 rem
864 1543 959 1581 illud
1005 1543 1161 1594 quidem
1215 1542 1466 1581 concedimus
1518 1543 1634 1581 multa

109 1609 253 1648 Dionea
286 1609 454 1648 Plinium
490 1609 684 1660 redolere,
727 1609 835 1647 uelut
868 1608 988 1659 quod,
1027 1614 1069 1646 ut
1102 1608 1302 1659 Poppaeae
1343 1608 1536 1647 luxuriam
1572 1608 1635 1647 de-

109 1676 258 1726 pingat,
287 1675 422 1713 eadem
451 1675 525 1713 duo
553 1674 727 1726 exempla
762 1675 874 1713 all'ert
898 1670 985 1728 (62,
1020 1670 1108 1728 28),
1137 1687 1235 1725 quae
1256 1674 1446 1712 naturalis
1475 1674 1638 1713 historia

111 1736 198 1795 (33,
223 1738 316 1780 140.
344 1738 408 1791 ll,
429 1737 547 1795 238),
575 1737 637 1779 ςέκ
664 1738 746 1793 γὰρ
773 1746 861 1779 τῶν
887 1738 1174 1792 βραχυτάτων
1199 1744 1285 1778 πᾶν
1314 1738 1634 1792 δηλωθήσεταί

110 1806 256 1845 addens
296 1802 485 1860 (Plinium
528 1807 656 1857 ipsum
700 1805 834 1844 audire
879 1805 990 1844 nobis
1032 1801 1251 1860 uidemur),
1292 1818 1336 1843 ex
1379 1807 1463 1856 ipso
1507 1811 1634 1844 tamen

109 1871 233 1910 Plinio
260 1871 422 1910 Dionem
449 1872 637 1910 maiorem
664 1876 815 1922 partem
842 1872 1029 1909 materiae
1062 1883 1139 1909 non
1173 1872 1400 1921 sumpsisse.
1445 1872 1564 1909 immo
1592 1873 1636 1922 si,

110 1942 152 1976 ut
185 1936 376 1976 Gerckius
414 1937 550 1988 uoluit,
590 1937 659 1975 Dio
693 1938 851 1975 omnino
885 1936 931 1975 ab
964 1949 1041 1975 uno
1075 1941 1233 1975 auctore
1266 1936 1422 1987 pendet,
1462 1937 1525 1975 hic
1558 1949 1635 1975 non

111 2003 183 2041 suit
203 2003 353 2041 Plinius
380 2004 463 2054 ipse
492 2002 561 2042 sed
588 2002 686 2041 alius
713 2004 882 2054 scriptor
909 2007 1032 2041 aetate
1060 2002 1116 2040 illi
1149 2003 1325 2053 propior,
1365 2003 1430 2053 qui
1463 2015 1506 2040 eo
1541 2015 1636 2041 usus

111 2064 242 2122 erat‚2)
306 2068 411 2114 Quae
445 2081 533 2107 cum
567 2081 629 2106 res
663 2069 713 2106 ita
747 2069 825 2106 sint
858 2073 1115 2119 comparatae,
1149 2069 1331 2118 quoniam
1360 2073 1464 2106 certa
1492 2068 1634 2106 indicia

112 2133 263 2185 desunt,
296 2133 438 2185 quibus
472 2147 570 2185 quae
604 2133 803 2185 Cluuiana,
837 2146 934 2185 1111116
967 2133 1135 2171 Fabiana
1169 2145 1255 2171 esse
1287 2133 1507 2183 uideantur,
1542 2146 1635 2172 enu-

111 2198 228 2238 cleari
266 2201 405 2250 possit,
445 2212 506 2238 me
544 2201 596 2238 ita
636 2200 833 2250 contineo,
875 2204 917 2237 ut
950 2198 1116 2238 Neronis
1156 2200 1276 2237 uitam
1316 2211 1360 2236 ex
1403 2198 1527 2237 tribus
1562 2198 1636 2236 tilis

110 2264 242 2315 Plinii,
285 2264 429 2316 Cluuii,
468 2264 576 2303 Fabii
615 2278 634 2303 a
671 2264 803 2303 Tacito
837 2269 1055 2303 contextam
1091 2276 1177 2303 esse
1212 2269 1396 2315 statuam,
1436 2269 1474 2302 at
1506 2266 1544 2302 in
1578 2265 1635 2302 in-

111 2335 217 2368 certo
245 2330 475 2382 relinquam,
509 2335 547 2368 et
582 2343 675 2369 num
709 2343 805 2381 quos
839 2330 934 2368 alios
968 2335 1147 2368 auctores
1175 2329 1460 2367 consultauerit
1475 2325 1508 2382 3)
1543 2334 1581 2367 et,
1615 2342 1632 2367 a

231 2475 264 2519 1)
290 2474 467 2509 Portenta
493 2475 592 2519 apud
619 2474 776 2508 Dionem
804 2487 886 2509 cum
912 2486 1008 2508 anno
1036 2473 1174 2510 tomos
1202 2472 1397 2518 incipiunt⁴

230 2530 264 2571 ⁶2)
290 2527 372 2562 Non
399 2527 437 2561 in
464 2527 633 2562 omnibus
659 2528 768 2562 rebus
790 2528 860 2562 Dio
887 2539 970 2561 cum
990 2527 1111 2561 Plinio
1139 2529 1267 2561 contra
1287 2525 1458 2560 Tacitum
1485 2538 1636 2560 consen-

110 2580 174 2624 tit,
202 2580 305 2615 uelut
330 2581 456 2615 Iunius
483 2581 630 2615 Silanus
663 2582 762 2626 apud
788 2581 944 2616 Dionem
971 2583 1040 2625 (61,
1062 2584 1093 2623 6,
1115 2581 1148 2622 4)
1176 2581 1213 2613 et
1238 2579 1408 2614 Tacitum
1435 2581 1505 2623 (13,
1528 2581 1561 2624 1)
1589 2580 1635 2613 ab

110 2633 318 2678 Agrippina
346 2634 544 2677 occiditur,
576 2634 690 2669 etiam
722 2634 852 2678 ignaro
876 2634 1039 2676 Nerone,
1060 2635 1102 2667 ut
1127 2633 1186 2666 hic
1214 2632 1331 2675 addit,
1353 2633 1451 2677 apud
1473 2633 1635 2666 Plinium

111 2698 253 2722 ueneno
279 2687 436 2722 Neronis
464 2690 510 2732 (7,
532 2690 600 2732 58).

229 2743 263 2785 3)
303 2741 548 2776 Corbulonem
586 2752 652 2786 per
690 2741 853 2775 Plinium
893 2740 930 2774 in
969 2740 1090 2774 Taciti
1129 2739 1379 2784 cognitionem
1419 2739 1633 2784 peruenisse

110 2793 260 2829 fuerunt
286 2794 349 2838 qui
377 2794 657 2838 arbitrarentur,
686 2794 758 2828 uid.
782 2807 807 2828 s.
830 2807 863 2838 p.
887 2807 1016 2827 cxxxx]
1038 2806 1089 2837 sq.
