1842 3133
52 811 85 835 10

53 1148 85 1174 15

52 1481 85 1506 20

52 1814 84 1839 25

604 92 640 127 C.
663 90 866 126 LICINIVS
894 90 1080 126 MVCIAN
1087 91 1141 126 VS
1552 91 1633 132 103

229 199 302 243 ll.
337 204 439 242 Plin.
478 205 560 242 VII
584 204 668 242 159
706 203 748 241 In
782 203 907 241 'l'moli
939 205 1083 242 montis
1117 205 1318 242 cacumine
1358 203 1461 254 quod
1493 208 1636 241 uocant

107 269 293 319 Tempsin
327 278 382 307 CL
417 270 529 307 annis
563 271 699 308 uiuere
735 269 937 307 Mucianus
965 274 1100 306 aut-,tor
1128 274 1196 319 est,
1227 268 1383 307 totidem
1407 270 1517 306 annis
1546 281 1634 307 cen-

109 347 194 373 sum
237 333 371 372 Claudi
414 334 591 373 Caesaris
635 347 798 373 censura
840 334 881 372 T.
912 334 1133 372 Fullonium
1176 335 1474 384 Bononiensem,
1518 334 1633 384 idque

107 399 257 438 collatis
297 399 498 450 censibus,
545 413 640 451 quos
685 405 773 438 ante
821 399 1008 438 detulerat
1057 401 1239 450 uitaeque
1281 401 1523 449 argumentis
1558 395 1632 452 (et-

109 466 213 503 enim
247 477 363 503 curae
398 466 567 516 principi
601 465 640 504 id
673 461 775 518 erat.)
810 478 949 503 uerum
983 466 1174 516 apparuit..

229 532 302 575 12.
338 538 439 575 I'le'n.
468 550 504 575 n.
531 538 567 575 le.
604 538 710 575 VIII
737 538 764 574 (i
802 536 1004 574 Mucianus
1045 541 1105 574 ter
1137 536 1273 575 consul
1307 542 1442 574 auctor
1476 542 1534 574 est,
1566 536 1632 574 ali-

106 614 221 652 quem
263 614 307 639 ex
350 602 411 640 his
446 601 701 651 [elephantis]
744 607 782 640 et
821 601 1041 639 litterarum
1083 600 1223 639 ductus
1257 601 1493 640 Gramzarum
1535 601 1631 640 didi-

107 669 206 705 cisse
240 667 476 718 solitumque
511 666 758 718 perscribere
793 668 876 705 eius
912 666 1065 716 liuguae
1093 666 1244 705 uerbis:
1280 666 1387 717 ‘lpse
1427 680 1496 717 ego
1536 668 1631 705 haec

106 734 245 783 scripsi
279 738 316 770 et
348 732 468 783 spolia
502 732 647 771 Celtica
681 729 840 782 dicaui',
874 734 1045 782 itemque
1073 744 1114 769 se
1143 732 1300 770 uidente
1328 732 1511 783 Puteolis,
1539 746 1626 770 cum

106 797 259 837 aduecti
293 810 312 836 e
346 811 444 836 naue
479 797 614 849 egredi
647 803 892 848 Cogerel'llur,
927 799 1086 835 territos
1119 798 1243 848 spatio
1276 799 1405 848 pontis
1439 798 1573 848 procul
1607 811 1626 835 a

106 865 330 902 continente
372 865 559 914 porrecti,
597 868 641 902 ut.
679 876 764 901 sese
804 863 1100 913 longimplitatis
1135 864 1405 901 aestimatione
1442 863 1631 913 fallerent,

106 941 266 967 auersos
299 934 496 967 retrorsus
530 930 620 967 isse.

228 996 303 1040 13.
340 1002 440 1039 Plin.
469 1014 505 1038 n.
532 1002 568 1039 h.
600 1001 706 1038 VIII
729 1000 810 1038 ‘201
847 999 1068 1038 Sollertiam
1110 1001 1194 1038 eius
1234 1000 1412 1039 animalis
1447 999 1632 1050 [caprae]

106 1066 306 1104 Mucianus
340 1067 463 1104 uisam
498 1065 573 1104 sibi
606 1065 779 1117 prodidit
811 1067 850 1103 in
882 1070 1000 1116 ponte
1028 1067 1246 1116 praetenui,
1281 1065 1430 1104 duabus
1458 1065 1585 1104 obuiis
1614 1078 1633 1102 e

108 1131 264 1169 diuerso
298 1144 387 1170 cum
420 1133 703 1170 circumactum
737 1132 940 1181 augustiae
973 1143 1051 1170 non
1085 1136 1271 1182 caperent
1309 1143 1381 1169 nee
1415 1132 1634 1182 reciproca-

105 1198 251 1235 tionem
297 1197 497 1247 longitudo
543 1198 579 1235 iu
627 1196 799 1235 exilitate
846 1209 977 1247 caeca,
1029 1201 1203 1234 torrente
1249 1196 1383 1247 rapido
1429 1198 1636 1235 minaciter

106 1262 408 1313 subterfluente,
449 1262 611 1302 alteram
655 1262 889 1300 decubuisse
930 1267 1045 1313 atque
1087 1263 1138 1300 ita
1183 1261 1343 1300 alteram
1388 1261 1634 1313 proculcatae

106 1340 416 1379 supergressam.

227 1395 302 1439 14.
338 1401 440 1438 Ple'n.
468 1412 504 1438 n.
531 1400 568 1438 Ιι.
606 1400 711 1438 VIII
733 1399 818 1438 215
853 1398 1064 1438 simiarum
1098 1412 1253 1450 quoque
1286 1411 1430 1449 genera
1463 1399 1633 1438 hominis

106 1465 252 1515 figurae
298 1466 475 1516 proxima
522 1464 655 1503 caudis
695 1465 799 1503 inter
843 1477 883 1502 se
931 1464 1237 1515 distinguuntur.
1307 1465 1404 1503 mira
1450 1464 1633 1503 sollertia.

104 1531 213 1568 uisco
253 1531 419 1581 inungui
457 1529 685 1582 laqueisque
727 1529 885 1568 calciari
932 1531 1149 1568 imitatione
1191 1531 1420 1569 uenantium
1463 1530 1634 1580 tradunt,

104 1595 307 1634 Mucianus
340 1600 378 1634 et
409 1595 642 1634 latrunculis
670 1595 824 1645 lusisse,
858 1596 966 1633 fictas
994 1607 1083 1634 cera
1111 1608 1232 1634 nuces
1259 1596 1348 1634 uisu
1377 1595 1632 1647 distinguere,

105 1661 194 1700 luna
234 1673 327 1699 caua
366 1662 499 1699 tristes
539 1673 644 1711 esse,
690 1660 833 1711 quibus
873 1662 912 1699 in
952 1673 996 1699 eo
1035 1673 1179 1711 genere
1223 1660 1342 1699 cauda
1384 1662 1451 1712 sit,
1491 1674 1632 1701 nouam

106 1726 344 1765 exultatione
377 1726 552 1765 adorare.

142 1790 145 1791 ⁷
226 1794 300 1838 15.
334 1799 435 1836 le.
464 1810 500 1836 n.
522 1800 557 1836 h.
584 1799 713 1837 VIIII
734 1799 791 1836 33
836 1797 942 1843 Quae
978 1797 1023 1836 de
1052 1798 1188 1837 eodem
1216 1810 1360 1849 genere
1388 1798 1566 1850 piscandi
1593 1799 1633 1838 in

103 1863 203 1901 Iasio
237 1865 325 1902 sinu
358 1863 559 1902 Mucianus
591 1863 727 1913 tradit„
768 1863 841 1902 hoc
875 1863 1078 1913 differunt,
1121 1863 1224 1915 quod
1263 1863 1366 1902 ultro
1405 1876 1533 1915 neque
1576 1865 1632 1903 in-

105 1929 259 1967 clamati
288 1926 502 1981 [delphini]
536 1933 692 1980 praesto
733 1930 810 1967 sint.
842 1934 1052 1980 partesque
1087 1941 1106 1967 e
1141 1928 1320 1967 manibus
1361 1930 1555 1980 accipiant,
1595 1934 1633 1967 et

105 2007 218 2033 suum
252 2007 429 2045 quaeque
464 1994 602 2033 cumba
637 2007 656 2032 e
692 1994 887 2046 delphinis
927 1995 1075 2033 socium
1114 1994 1254 2033 haheat
1294 1996 1475 2046 quamuis
1514 2000 1631 2033 noctu

105 2065 142 2098 et
175 2059 221 2099 ad
254 2060 385 2098 facies.

227 2209 300 2265 ll,
335 2217 371 2252 2.
405 2226 525 2253 annos
552 2216 657 2252 codd.
691 2215 803 2253 annis
833 2216 891 2253 uel
924 2228 1113 2253 annorum
1141 2217 1325 2264 Magshoff
1454 2214 1629 2265 censum]

105 2275 182 2313 cod.
204 2275 315 2312 Laid.
349 2276 503 2312 centum
531 2275 635 2312 codd.
660 2275 777 2312 Vario.
799 2275 942 2322 Effice.)
962 2274 1128 2321 Patris)
1318 2275 1353 2312 3.
1393 2275 1523 2313 claudi
1550 2275 1635 2312 ΗΡ

107 2334 174 2371 CL
201 2337 277 2372 cett.
300 2334 404 2372 codd.
529 2335 564 2371 5.
598 2334 768 2383 principi
800 2334 840 2371 id
867 2335 1064 2382 Detlefsen
1095 2334 1290 2383 principio
1317 2335 1422 2372 codd.

226 2388 301 2443 12,
336 2395 371 2431 6.
404 2389 481 2443 ter]
509 2392 590 2430 IIII
616 2394 704 2431 ΕΡ

227 2447 301 2503 13,
337 2453 401 2489 16.
435 2464 587 2489 caecam
615 2454 708 2490 coni.
730 2454 914 2501 Illaylzoff

227 2506 303 2561 14,
340 2513 404 2549 22.
437 2511 553 2549 factis
580 2507 641 2549 R2
720 2524 838 2549 nuces
865 2512 955 2549 uisu
976 2507 1182 2550 132&th
1208 2524 1321 2550 eones
1348 2514 1408 2549 ius
1430 2515 1506 2550 cett.
1523 2513 1629 2550 codd.

105 2573 235 2609 icones
268 2583 340 2608 usu
371 2571 562 2609 Harduin
730 2571 973 2620 distinguere
1000 2567 1132 2609 Letdfi'
1164 2574 1296 2609 -uente
1317 2572 1354 2609 R
1374 2573 1527 2619 Ptmlgy.
1564 2585 1628 2609 -ue

105 2634 183 2669 cett.
204 2631 309 2668 codd.

228 2684 303 2740 15,
338 2691 403 2726 26.
435 2689 539 2726 Iasio
565 2689 737 2727 Bam-bar.
769 2690 867 2727 latio
895 2690 1000 2727 codd.
1097 2690 1201 2726 ultro
1227 2690 1264 2726 P
1291 2690 1396 2727 ultra
1423 2693 1501 2728 cett.
1523 2691 1627 2728 codd.

108 2750 174 2787 28.
207 2748 345 2786 cumba
370 2745 516 2786 ΡανὶΒ.2
549 2760 662 2785 cunia
690 2743 798 2786 Ραν.1
831 2749 973 2786 eumha
1003 2749 1085 2786 Vat.
1108 2749 1217 2786 said.
1246 2745 1434 2799 euins‘ss'R
