1842 3133
66 809 98 833 10

65 1136 97 1161 15

66 1463 99 1488 20

67 1789 99 1815 25

68 2118 102 2142 30

70 2442 103 2468 35

764 96 988 131 ANNAIAES
1583 93 1639 134 83

116 203 249 244 πάλαι
283 208 632 256 στρατηγοῦντος
664 207 742 242 τοῦ
775 201 937 255 πατρὸς
970 200 1128 241 αὐτόθι
1167 198 1236 240 καὶ
1270 200 1429 252 φίλους
1461 211 1639 250 πεποιη-

115 267 255 320 μένος.
331 267 474 321 εὑρὼν
516 264 563 308 δὲ
607 266 770 314 πάντας
814 266 1029 319 περιδεεῖς
1078 263 1149 306 καὶ
1194 265 1273 318 τὴν
1319 264 1516 316 ὠμότητα
1561 263 1641 316 τὴν

117 334 296 388 Μαρίου
323 332 522 385 καθάπερ
551 331 792 386 ἐφεστῶτος
819 331 969 380 αὐτοῖς
995 329 1232 384 τρέμοντας
1253 327 1403 370 οὐδενὶ
1432 327 1640 382 γενέσθαι

116 398 306 453 φανερὸς
327 397 589 452 ἐθάρρησεν,
605 395 691 438 ἀλλ’
712 398 773 446 εἰς
795 396 957 451 ἀγροὺς
979 395 1180 450 ἐμβαλὼν
1193 396 1436 448 παραλίους
1452 394 1640 446 Οὐιβίου

118 466 347 505 Πακιακοῦ
379 465 594 516 σπήλαιον
625 460 804 517 ἔχοντας
837 461 1071 516 εὐμέγεθες
1097 459 1288 515 ἔκρυψεν
1314 459 1482 502 ἑαυτόν.
1532 459 1641 513 πρὸς

116 526 163 570 δὲ
195 529 273 570 τὸν
307 528 496 581 Οὐίβιον
529 529 717 580 ἐπεμψεν
751 526 827 568 ἕνα
860 528 1025 568 δοῦλον
1057 525 1416 580 ἀποπειρώμενος
1453 525 1536 578 ἤδη
1569 523 1640 565 καὶ

115 601 204 635 τῶν
243 593 436 647 ἐφοδίων
479 592 779 634 ἐπιλιπόντων.
843 591 864 633 ὁ
904 592 952 633 δὲ
992 592 1173 645 Οὐίβιος
1212 591 1403 639 ἀκούσας
1440 590 1558 643 ἥσθη
1597 605 1641 630 τε

115 658 343 715 σωζομένῳ
382 659 454 700 καὶ
492 660 744 710 πυθόμενος
782 658 829 699 τὸ
868 661 1041 711 πλῆθος
1073 665 1157 698 τῶν
1189 658 1273 697 σὺν
1306 656 1423 713 αὐτῷ
1461 654 1531 696 καὶ
1564 655 1642 696 τὸν

115 726 251 766 τόπον
291 724 422 773 αὐτὸς
460 721 541 778 μὲν
579 724 659 765 οὐκ
698 719 838 777 ἦλθεν
877 724 938 772 είς
977 723 1094 775 ὄψιν,
1136 722 1213 762 τὸν
1256 719 1304 763 δὲ
1342 728 1432 763 τῶν
1470 723 1642 776 χωρίων

119 788 356 845 ἐπίτροπον
393 789 687 843 προσαγαγὼν
719 787 849 842 ἐγγὺς
888 786 1086 829 ἐκέλευσε
1124 788 1227 828 καθ’
1262 786 1428 842 ἡμέραν
1460 787 1643 828 δεῖπνον

116 854 410 910 πεποιημένον
447 857 638 908 κομίζειν
676 853 748 895 καὶ
787 852 968 895 τιθέντα
1005 853 1121 908 παρὰ
1160 853 1239 906 τὴν
1271 851 1433 907 πέτραν
1466 851 1642 906 ἀπέρχε-

117 925 224 962 σθαι
258 927 398 975 σιωπῇ
431 919 502 961 καὶ
535 920 591 974 μὴ
617 922 1005 974 πολυπραγμονεῖν
1030 917 1138 973 μηδ’
1165 916 1387 970 ἐξετάζειν,
1420 916 1642 972 προειπὼν

116 989 563 1041 πολυπραγμονοῦντι
601 985 820 1038 θάνατον,
859 985 1184 1039 συμπράττοντι
1224 980 1270 1024 δὲ
1311 989 1442 1024 τοῦτο
1480 989 1643 1031 πιστῶς

117 1051 387 1107 ἐλευθερίαν.
432 1076 486 1080 ——
534 1049 612 1107 (5.)
655 1049 876 1091 Ἐνταῦθα
926 1051 1199 1103 διατρίβοντι
1250 1053 1308 1105 τῷ
1350 1048 1540 1105 Κράσσῳ
1591 1048 1642 1088 τὰ

119 1117 341 1172 ἐπιτήδεια
379 1115 475 1158 καθ’
521 1115 687 1171 ἡμέραν
729 1115 883 1170 ἐφοίτα
921 1118 1110 1168 κομίζων
1152 1114 1173 1156 ὁ
1217 1115 1471 1170 ἄνθρωπος,
1514 1113 1644 1163 αὐτὸς

117 1180 198 1237 μὲν
248 1183 328 1237 οὐχ
379 1182 497 1236 ὁρῶν
548 1181 744 1230 ἐκείνους
795 1178 899 1222 οὐδὲ
951 1181 1195 1234 γινώσκων,
1248 1178 1313 1221 ὑπ’
1364 1178 1546 1221 ἐκείνων
1595 1176 1642 1220 δὲ

118 1249 430 1302 καθορώμενος
462 1248 645 1289 εἰδότων
677 1247 748 1288 καὶ
780 1248 1215 1301 παραφυλαττόντων
1253 1247 1330 1287 τὸν
1361 1246 1526 1298 καιρόν.
1589 1240 1644 1298 ἦν

119 1312 159 1354 δ’
195 1314 376 1368 ἄφθονα
408 1312 478 1354 καὶ
511 1314 620 1368 πρὸς
652 1312 833 1366 ἡδονήν,
872 1312 924 1353 οὐ
965 1314 1104 1366 μόνον
1137 1313 1288 1367 χρείαν
1319 1311 1561 1363 ποιούμενα
1592 1311 1645 1351 τὰ

118 1380 226 1434 πρὸς
257 1380 304 1421 τὸ
338 1380 529 1421 δεῖπνον.
580 1377 760 1432 ἐγνώκει
788 1379 869 1432 γὰρ
899 1377 920 1419 ὁ
950 1377 1133 1430 Οὐίβιος
1160 1377 1303 1432 ἁπάσῃ
1333 1377 1642 1431 φιλοφροσύνῃ

118 1445 386 1499 θεραπεύειν
411 1445 488 1485 τὸν
516 1443 738 1499 Κράσσον,
765 1438 798 1501 ᾧ
827 1459 874 1497 γε
901 1443 971 1484 καὶ
998 1444 1046 1484 τὸ
1073 1450 1148 1497 τῆς
1175 1443 1290 1498 ὥρας
1322 1441 1370 1484 ἐν
1402 1448 1464 1498 νςό
1493 1444 1645 1494 λαβεῖν

120 1509 325 1564 ἐπῆλθεν,
369 1510 425 1559 ὡς
469 1509 717 1551 παντάπασι
762 1511 938 1558 νεανίας
982 1513 1047 1563 εἴη
1093 1510 1166 1550 καί
1208 1524 1248 1550 τι
1294 1506 1364 1549 καὶ
1410 1516 1502 1557 ταῖς
1542 1506 1641 1548 καθ’

118 1575 293 1630 ἡλικίαν
324 1575 505 1630 ἡδοναῖς
537 1574 673 1616 αὐτοῦ
707 1574 951 1629 χαριστέον,
995 1572 1083 1615 ἐπεὶ
1126 1576 1204 1628 τήν
1243 1590 1290 1627 γε
1329 1576 1480 1628 χρείαν
1513 1573 1643 1626 ἀναγ-

118 1643 251 1690 καίως
293 1644 462 1696 μᾶλλον
510 1640 535 1695 ἢ
586 1641 830 1696 προθύμως
880 1640 1216 1695 ὑπουργοῦντος
1266 1636 1390 1681 εἶναι.
1463 1638 1544 1680 δύο
1591 1639 1644 1692 δὴ

119 1707 439 1762 θεραπαινίδας
459 1707 688 1760 εὐπρεπεῖς
715 1705 950 1760 ἀναλαβὼν
977 1705 1173 1759 ἐβάδιζεν
1201 1703 1269 1746 ἐπὶ
1295 1706 1375 1758 τὴν
1401 1705 1643 1746 θάλασσαν.

120 1772 177 1822 ὡς
227 1771 267 1813 δ’
315 1769 454 1826 ἦλθεν
498 1770 567 1813 ἐπὶ
611 1772 689 1814 τὸν
731 1774 867 1813 τόπον
912 1770 1054 1820 δείξας
1103 1771 1182 1824 τὴν
1233 1771 1398 1812 ἄνοδον
1447 1769 1646 1811 ἐκέλευεν

121 1842 222 1879 εἴσω
254 1838 525 1893 πορεύεσθαι
558 1836 629 1878 καὶ
656 1841 855 1892 θαρρεῖν.
914 1837 959 1878 οἱ
981 1834 1028 1877 δὲ
1055 1834 1153 1890 περὶ
1180 1836 1258 1877 τὸν
1284 1836 1495 1890 Κράσσον
1529 1835 1646 1876 ἰδόν-

120 1919 188 1952 τες
213 1902 563 1958 προσερχομένας
590 1903 777 1955 ἔδεισαν,
800 1903 857 1957 μὴ
884 1899 1130 1955 καταφανὲς
1156 1900 1227 1943 καὶ
1256 1902 1480 1956 γνώριμον
1506 1905 1570 1954 εἰη
1597 1901 1645 1941 τὸ

122 1969 294 2023 χωρίον’
359 1968 593 2023 ἀνέκρινον
624 1965 707 2009 οὗν
739 1967 885 2018 αὐτάς,
923 1969 966 2008 τί
995 1967 1234 2021 βούλονται
1271 1965 1339 2007 καὶ
1374 1968 1489 2015 τίνες
1521 1967 1645 2007 εἰσίν·

122 2034 179 2083 ὡς
230 2032 276 2074 δ’
319 2033 609 2089 ἀπεκρίναντο
655 2032 963 2087 δεδιδαγμέναι
1009 2033 1226 2085 δεσπότην
1271 2034 1405 2085 ζητεῖν
1451 2030 1646 2072 ἐνταῦθα

122 2100 438 2154 κρυπτόμενον,
470 2099 630 2153 μαθὼν
662 2099 683 2140 ὁ
713 2099 916 2153 Κράσσος
942 2104 1020 2139 τοῦ
1051 2098 1238 2152 Οὐιβίου
1271 2098 1351 2151 τὴν
1377 2098 1485 2151 πρὸς
1512 2097 1647 2138 αὐτὸν

122 2165 303 2205 παιδιὰν
328 2165 398 2205 καὶ
419 2164 759 2219 φιλοφροσύνην
780 2163 962 2217 ἀνέλαβε
983 2164 1058 2212 τὰς
1077 2163 1321 2211 παιδίσκας·
1354 2162 1425 2203 καὶ
1447 2168 1646 2215 συνῆσαν

123 2229 239 2286 αὐτῷ
260 2229 337 2270 τὸν
358 2230 515 2271 λοιπὸν
535 2230 694 2284 χρόνον
711 2225 774 2271 ὧν
788 2227 926 2270 ἐδεῖτο
949 2229 1191 2283 φράζουσαι
1213 2226 1285 2268 καὶ
1307 2226 1646 2280 διαγγέλλουσαι

122 2294 231 2348 πρὸς
262 2295 340 2336 τὸν
374 2295 570 2348 Οὐίβιον.
633 2294 803 2335 τούτων
836 2294 943 2348 φησὶ
981 2294 1062 2347 τὴν
1100 2291 1251 2347 ἑτέραν
1289 2293 1371 2346 ἤδη
1405 2294 1646 2347 πρεσβῦτιν

124 2357 262 2402 οὖσαν
306 2359 328 2401 ὁ
376 2359 696 2408 Φαινεστέλλας
742 2360 852 2401 ἰδεῖν
903 2359 1032 2408 αὐτὸς
1081 2358 1151 2399 καὶ
1203 2358 1412 2407 πολλάκις
1461 2356 1645 2398 ἀκοῦσαι

124 2424 396 2479 μεμνημένης
428 2430 563 2466 ταῦτα
595 2425 667 2466 καὶ
700 2425 945 2478 διεξιούσης
976 2424 1230 2478 προθύμως.

245 2488 351 2532 16*.
387 2493 488 2531 Plut.
517 2493 612 2531 Sull.
639 2492 695 2530 28
728 2490 902 2545 Μάριος
930 2487 974 2530 δὲ
1011 2491 1139 2541 [filius
1163 2494 1336 2540 septiens
1363 2493 1536 2529 consulis
1554 2496 1647 2540 post

245 2653 282 2690 5.
314 2652 356 2689 L.
389 2652 530 2690 Vibius
563 2652 772 2690 Paciaecus
791 2652 897 2689 Caes.
925 2652 956 2689 b.
978 2652 1092 2698 Hisp.
1114 2653 1152 2688 3.
1188 2652 1264 2689 Cic.
1286 2652 1337 2689 ad
1368 2653 1395 2698 f.
1427 2652 1488 2689 VI
1513 2653 1584 2695 18,
1607 2653 1644 2689 2.

124 2712 176 2749 ad
201 2711 279 2748 Att.
302 2712 398 2748 XII
418 2718 457 2753 2,
482 2715 503 2748 1
618 2713 652 2749 7.
685 2709 975 2749 ἀπολειπόντων
1006 2711 1176 2749 Seitenst.
1288 2713 1352 2748 19.
1385 2710 1452 2749 τὸν
1485 2710 1647 2748 δεῖπνον

123 2770 294 2809 Seitenst.
401 2772 466 2808 29.
500 2769 755 2822 δεδιδαγμένοι
786 2772 881 2808 coni.
907 2770 1074 2808 Sintems
1180 2771 1246 2808 34.
1279 2768 1527 2820 φενεστέλλας
1558 2767 1648 2808 libo-2·

1320 2835 1364 2870 6*

1685 2472 1728 2503 82

1674 2532 1740 2563 672
