1842 3133
208 114 261 155 16
694 114 742 150 M.
762 112 973 147 TERENTI
1002 111 1248 146 VARRONIS

325 222 433 279 123³&
468 228 637 274 Aztffltst.
665 227 714 264 de
747 224 1063 264 σιί(.11’.Χ1ἸῙῙ
1085 224 1142 261 40
1174 223 1335 263 Frustra
1364 226 1494 276 itaque
1522 227 1736 265 uanissima

205 292 496 341 praesumtione
531 292 708 341 garriunt
738 289 897 341 quidam
926 288 1116 339 dicentes,
1143 301 1188 326 ex
1217 302 1293 340 quo
1319 290 1516 341 Aegyptus
1544 292 1737 330 rationem

204 355 379 394 siderum
414 355 713 406 conprehendit,
747 354 914 406 amplius
948 367 1064 405 quam
1098 360 1255 393 centum
1289 368 1483 394 annorum
1522 356 1629 395 milia
1665 369 1735 395 nu-

202 422 360 459 merari.
413 422 452 458 in
492 420 635 471 quibus
676 423 780 459 enim
821 419 932 458 libris
973 421 1090 457 istum
1131 432 1340 459 numerum
1380 421 1636 473 collegerunt,
1670 424 1736 473 qui

204 499 280 524 non
321 485 486 524 multum
527 492 615 524 ante
656 498 849 525 annorum
891 485 964 523 duo
1002 485 1107 523 milia
1142 485 1291 523 litteras
1324 488 1510 536 magistra
1543 487 1645 525 Iside
1681 487 1736 525 di·
1758 498 1772 522 5

203 549 417 589 dicerunt?
460 551 545 589 Non
580 553 684 590 enim
718 564 864 603 paruus
898 556 1034 589 auctor
1061 556 1117 588 est
1147 552 1186 588 in
1213 551 1376 589 historia
1405 552 1536 603 Varro,
1570 554 1637 603 qui
1663 553 1738 590 hoc,

204 616 388 667 prodidit,
422 616 525 667 quod
552 629 572 654 a
599 616 823 655 litterarum
852 618 969 654 etiam
998 615 1222 654 diuinarum
1249 618 1416 655 ueritate
1444 630 1522 655 non
1550 617 1735 656 dissonat.

326 677 433 722 l3ss.
468 685 636 731 August.
665 684 713 721 dc
746 685 823 721 eiu.
853 684 888 720 d.
917 682 1075 719 XVIII
1097 682 1122 718 5
1164 681 1231 719 1115
1260 682 1504 733 temporibus
1532 695 1599 721 rex
1626 684 1736 734 Argi-

202 760 343 785 uorum
378 748 471 798 Apis
512 747 680 786 nauibus
721 752 972 786 transuectus
1006 748 1044 784 in
1079 747 1313 797 Aegyptum,
1348 760 1437 786 cum
1471 747 1525 786 1111
1558 754 1736 787 mortuus

204 813 361 863 fuisset,
402 813 526 851 sactus
566 818 625 851 est
659 813 818 864 Serapis
859 814 1035 851 omnium
1073 814 1268 851 maximus
1306 813 1585 864 Aegyptiorum
1629 814 1736 853 deus.
1758 826 1791 850 10

203 877 382 916 Nominis
415 884 545 917 autem
578 878 707 929 huius,
739 891 810 917 cur
836 891 914 916 11011
940 878 1033 929 Apis
1062 879 1179 916 etiam
1205 883 1294 929 post
1327 885 1493 917 mortem
1528 879 1596 918 sed
1624 879 1737 918 Sera-

202 945 262 994 pis
296 943 513 995 appellatus
547 945 608 995 sit,
636 944 861 983 facillimam
903 945 1092 981 rationem
1122 943 1241 981 Varro
1275 944 1456 982 reddidit.
1502 946 1592 996 quia
1631 947 1735 984 enim

202 1021 308 1059 arca,
356 1011 393 1047 in
440 1022 516 1060 qua
562 1015 741 1048 mortuus
786 1011 963 1060 ponitur,
1007 1008 1110 1059 quod
1156 1022 1292 1047 omnes
1334 1011 1411 1048 iam
1452 1011 1736 1061 sarcophagum

202 1080 355 1125 uocant,
389 1074 521 1126 σορός
555 1074 700 1113 dicitur
729 1074 890 1124 Graece,
924 1080 962 1112 et
995 1073 1048 1112 ibi
1083 1087 1172 1113 eum
1205 1076 1390 1113 uenerari
1424 1075 1621 1126 sepultum
1650 1089 1736 1115 coe-

201 1146 351 1191 perant,
391 1141 622 1191 priusquam
655 1140 846 1191 templum
881 1141 966 1178 eius
1000 1144 1104 1178 esset
1137 1145 1372 1191 extructum,
1404 1140 1514 1179 uelut
1550 1153 1660 1180 soros
1700 1147 1738 1180 et
1759 1152 1790 1176 15

202 1206 295 1256 Apis
330 1206 488 1256 Sorapis
521 1207 668 1257 primo,
704 1205 845 1244 deinde
879 1218 955 1243 una
989 1205 1136 1256 littera,
1169 1211 1209 1243 ut
1244 1206 1330 1244 fieri
1364 1205 1529 1257 adsolet,
1563 1219 1736 1246 commu-

202 1276 280 1309 tata
309 1270 467 1322 Serapis
497 1270 623 1310 dictus
652 1277 722 1310 est.
757 1277 795 1310 et
822 1273 1081 1310 constitutum
1109 1276 1168 1309 est
1201 1273 1318 1309 etiam
1353 1271 1399 1310 de
1432 1271 1510 1323 illo,
1543 1278 1596 1323 ut,
1630 1274 1736 1324 quis-

203 1338 291 1387 quis
331 1349 419 1375 eum
459 1337 660 1375 hominem
700 1338 822 1376 fuisse
864 1336 1043 1388 dixisset,
1083 1337 1289 1388 capitalem
1328 1337 1519 1388 penderet
1558 1351 1735 1389 poenam.

202 1407 240 1440 et
273 1403 458 1453 quoniam
492 1403 574 1440 fere
608 1404 649 1441 in
683 1402 867 1441 omnibus
898 1402 1068 1453 templis,
1101 1402 1168 1441 ubi
1203 1402 1433 1441 colebantur
1459 1403 1532 1442 Isis
1559 1409 1596 1442 61
1624 1404 1736 1442 Sera—

201 1469 273 1518 pis,
307 1473 391 1506 erat
424 1469 541 1506 etiam
576 1468 843 1518 simulacrum,
877 1468 981 1518 quod
1015 1467 1135 1518 digito
1168 1467 1283 1506 labiis
1316 1469 1497 1519 inpresso
1524 1468 1735 1507 admonere
1756 1488 1789 1509 ευ

200 1532 422 1583 111116161111,
456 1539 499 1571 ut
539 1533 740 1572 silentium
780 1534 909 1584 fieret,
948 1533 1022 1571 hoc
1058 1533 1281 1584 significare
1316 1533 1420 1572 idem
1447 1534 1567 1572 Varro
1601 1536 1734 1573 existi-

202 1604 292 1648 mat,
325 1604 367 1637 ut
398 1599 578 1637 homines
613 1612 678 1637 eos
713 1600 834 1637 fuisse
867 1604 1078 1638 taceretur.
1123 1598 1191 1637 Ille
1226 1604 1355 1637 autem
1391 1599 1479 1651 1105,
1513 1613 1629 1651 quem
1663 1601 1734 1638 mi—

200 1663 315 1702 rabili
347 1666 519 1703 uanitate
556 1664 715 1716 decepta
743 1665 941 1716 Aegyptus
976 1668 1015 1703 iu
1049 1666 1134 1703 eius
1167 1665 1358 1703 honorem
1391 1664 1544 1703 deliciis
1572 1665 1733 1704 affluen-

203 1729 307 1768 tibus
341 1729 486 1781 alebat,
519 1731 703 1781 quoniam
738 1743 829 1769 eum
869 1732 954 1769 51116
987 1731 1227 1782 sarcophago
1260 1732 1397 1769 uiuum
1430 1731 1734 1782 uenerabantur,

200 1796 310 1846 Apis,
350 1808 427 1834 non
462 1796 620 1847 Serapis
652 1796 879 1834 uocabatur.
920 1809 996 1847 quo
1029 1795 1130 1835 boue
1164 1802 1317 1835 mortuo
1351 1798 1536 1847 quoniam
1569 1809 1733 1849 quaere·
1754 1814 1787 1837 εἴ»

200 1860 316 1899 hatur
348 1867 385 1899 et
420 1861 694 1912 reperiebatur
726 1861 874 1900 uitulus
913 1861 1056 1900 eoloris
1090 1861 1284 1912 eiusdem,
1320 1862 1392 1900 hoc
1427 1867 1486 1900 est
1519 1861 1615 1900 albis
1649 1864 1733 1914 qui-

200 1926 365 1965 busdam
399 1926 563 1965 maculis
597 1927 782 1965 similiter
814 1928 1038 1978 insignitus,
1072 1929 1216 1965 mirum
1250 1927 1436 1978 quiddam
1470 1933 1509 1965 et
1541 1927 1733 1966 diuinitus

201 1991 276 2029 sibi
310 1997 565 2043 procuratum
599 2005 685 2031 esse
719 1992 943 2032 eredebant.

346 2055 501 2099 ,luy-ast.
517 2055 560 2088 de
579 2054 823 2088 0.‹1.X1⁷HI
841 2057 864 2088 6
889 2054 1084 2099 Regnante
1105 2054 1204 2099 Argo
1232 2054 1307 2088 suis
1334 2054 1459 2099 eoepit
1484 2054 1539 2089 1111
1562 2054 1732 2099 frugibus

251 2107 409 2141 Graecia
436 2110 473 2141 et
498 2107 635 2142 habere
662 2109 807 2151 segetes
834 2108 871 2141 in
906 2107 1136 2152 agricultura
1168 2107 1305 2141 delatis
1332 2107 1483 2142 aliunde
1517 2108 1730 2143 seminibus.
1753 2122 1786 2145 :io

248 2161 369 2206 Argus
402 2172 549 2205 quoque
581 2163 666 2206 post
698 2160 841 2195 obitum
874 2161 965 2195 deus
991 2160 1122 2195 haberi
1149 2160 1282 2205 eoepit,
1309 2160 1448 2205 templo
1476 2162 1514 2195 et:
1542 2161 1732 2196 sacrifieiis

247 2214 461 2249 honoratus.
490 2214 553 2258 qui
580 2215 698 2248 honor
724 2225 765 2248 eo
793 2216 973 2258 regnante
1001 2217 1086 2248 ante
1114 2214 1221 2248 illum
1248 2214 1394 2248 delatus
1419 2217 1473 2247 est
1495 2214 1637 2248 homini
1657 2215 1731 2259 pri-

250 2271 336 2302 uato
371 2270 408 2302 et:
440 2267 640 2301 fulminato
673 2268 821 2301 cuidam
854 2268 1083 2312 Homogym,
1117 2278 1158 2301 eo
1195 2267 1293 2310 quod
1327 2268 1466 2312 primus
1494 2267 1539 2301 ad
1568 2270 1731 2302 aratrum

249 2322 362 2355 boues
395 2322 566 2356 iunxerit,
597 2343 638 2346 J

343 2388 369 2409 e.
395 2378 448 2409 12.
483 2375 552 2408 Per
584 2375 674 2408 haec
702 2378 868 2419 tempora
896 2376 994 2420 [post
1026 2375 1261 2409 Deucalionis
1286 2375 1486 2420 dilemz'um]
1515 2386 1620 2409 sacra
1647 2377 1733 2408 sunt
1751 2388 1785 2413 35

248 2429 421 2462 instituta
456 2428 512 2461 dis
551 2428 655 2462 falsis
695 2440 717 2462 a
762 2428 911 2473 regibus
956 2429 1151 2471 Graeciae,
1197 2440 1293 2472 quae
1337 2429 1552 2463 memoriam
1598 2428 1728 2462 diluuii

324 2547 384 2581 13.
413 2548 578 2582 [meruit
605 2549 838 2593 Auyastinas
866 2548 1101 2582 Varrone‘ana
1127 2548 1306 2592 quaedam
1332 2549 1568 2592 Hieronymo.

321 2600 376 2627 33.
406 2596 459 2637 (ff.
488 2595 603 2629 Varro
629 2596 671 2630 de
696 2607 724 2629 r.
746 2607 774 2629 r.
797 2596 846 2628 ΙΙ
868 2598 937 2638 5,4
970 2606 1057 2629 nam
1090 2595 1136 2629 ab
1170 2595 1239 2629 hoe
1272 2606 1404 2640 pecore
1431 2595 1548 2641 [boue]
1574 2594 1730 2628 Athenis

201 2642 368 2686 Buzuges
395 2642 628 2685 nobilitatus,
655 2642 764 2687 Argis
792 2642 1034 2687 Homogyros.
1071 2644 1148 2678 Vid.
1174 2643 1288 2678 Frichr
1308 2655 1345 2687 p.
1370 2647 1414 2677 17
1427 2654 1475 2686 sq.

325 2772 397 2827 13,
427 2781 486 2814 13.
516 2779 790 2827 sarchofagum
810 2792 835 2825 y
936 2781 999 2815 24.
1027 2779 1260 2827 sarchofago
1279 2792 1303 2824 (l
1404 2781 1469 2815 35.
1498 2791 1678 2826 omoeyro
1702 2791 1728 2825 ς]
