1842 3133
370 106 459 140 ΙΜΡ.
485 105 687 139 FLAVIVS
714 104 950 138 VALERIVS
978 103 1347 138 CONSTANTINVs
1519 104 1623 133 (ΨΠΙ

95 220 337 257 charactere
368 219 560 255 historico
589 218 757 264 (Τί-(163111,
785 228 888 263 (suae
917 218 1032 254 uelim
1061 218 1242 264 accipias
1275 221 1310 253 el
1340 227 1416 263 per
1442 216 1623 253 ordinem

93 285 253 322 scribas
286 284 447 330 additis,
480 294 584 330 (seiae
616 284 672 320 ad
704 284 825 320 m'tam
855 284 1071 330 pertinent.
1124 293 1227 328 qnae
1259 283 1393 319 omnia
1426 292 1477 318 ea·
1509 281 1625 318 libris

95 352 239 396 liuteis,
273 352 312 387 in
346 349 490 396 quibus
523 350 606 397 ipse
638 349 846 385 cotidiana
878 358 952 385 sua
984 348 1110 384 scribi
1138 350 1421 394 praeceperat,
1445 356 1526 394 pro
1554 350 1624 382 tua

93 416 307 453 sedulitate
339 415 559 452 eondisees.
611 413 763 451 curabo
797 417 941 459 autem
977 417 1016 449 ul
1050 413 1122 450 tibi
1154 424 1206 449 ea:
1237 412 1351 460 leia
1384 412 1624 450 bibliotheca

94 485 131 517 e(
151 477 280 530 <alii>
299 480 396 518 libri
419 480 534 517 lintei
558 478 841 527 prosertmtw·.
894 478 1112 527 interposui
1139 481 1268 515 autem
1297 474 1412 526 ‘ale'i',
1443 481 1486 514 ut
1511 480 1625 514 tenor

95 545 377 583 sententiarum
413 545 707 594 restitueretur3
742 547 859 581 totam
894 543 997 580 enim
1025 541 1225 580 Aureliani
1259 543 1486 592 scriptionis
1512 541 1624 580 here-

96 609 254 648 ditatem
274 609 382 660 leia
410 609 646 647 bibliotheca
674 613 870 647 seruatam
898 620 985 646 esse
1013 620 1057 646 ex
1088 608 1163 645 sine
1198 609 1336 658 eapitis
1369 607 1623 658 intellegitur,

95 687 171 726 quo
199 675 388 725 Vopiscus
422 674 496 713 duo
530 686 673 725 genera
701 674 866 712 fontium
898 672 1115 723 distinguit,
1144 672 1382 711 Graecorum
1409 678 1625 722 auctorum,

97 740 142 778 de
176 739 319 791 quibus
352 742 376 787 ,ξ
403 738 430 778 4
464 739 582 778 uerba
619 741 777 789 iecerat,
811 744 849 777 et
881 738 1092 777 linteorum
1126 738 1316 777 librorum
1350 738 1454 777 illius
1487 737 1624 776 biblio—

97 806 230 844 thecae
265 807 365 853 (m'zl.
399 807 469 844 [lie
497 807 643 854 δον-φῖ.
670 806 706 843 h.
735 805 780 843 Α.
806 817 849 854 p.
878 805 994 852 165).
1046 816 1173 854 neque
1213 816 1308 842 uero
1346 803 1503 855 publico
1537 804 1623 841 usui

97 870 370 922 ephemeridas
410 870 544 909 Latine
583 871 818 921 compositas
859 869 1135 919 destinauerat,
1174 868 1212 907 id
1252 868 1355 920 quod
1392 874 1427 907 et
1462 870 1624 907 materia

97 942 135 975 et
160 941 369 988 praecepto
397 935 594 975 scribendi
622 935 957 986 signiticatu1·(efl
982 936 1250 983 cumarum)
1279 940 1394 985 atque
1428 935 1545 972 etiam
1580 933 1625 972 de

97 998 247 1040 ‘bellis’
278 1003 363 1040 ueri
398 1001 525 1040 simile
559 1006 628 1040 est.

96 1156 468 1203 IMPERATOR
502 1155 765 1203 FLAVIVS
800 1155 1103 1202 VALERIVS
1137 1154 1626 1202 OONSTANTINVS

364 1249 487 1292 (natus
514 1248 618 1283 breui
646 1249 731 1292 post]
757 1258 787 1282 a.
811 1250 889 1290 280,
917 1247 1120 1292 imperator
1147 1247 1359 1290 306—337.)

219 1336 380 1374 loannes
408 1335 537 1386 Lydus
563 1337 603 1374 in
629 1335 742 1374 libris
770 1335 816 1374 de
842 1334 1137 1386 magistratibus
1165 1334 1316 1373 duobus
1347 1334 1443 1373 locis
1476 1347 1547 1373 nos
1580 1334 1625 1372 ad

99 1414 188 1440 eum
210 1406 380 1452 reuocat,
401 1403 543 1453 priore,
565 1414 640 1452 quo
669 1400 714 1439 de
743 1401 901 1439 nomine
924 1400 1282 1451 Constantinopolis
1309 1401 1385 1451 agit
1408 1400 1479 1450 (fr.
1502 1400 1559 1450 1),
1580 1399 1626 1438 ad

99 1468 184 1505 eius
198 1463 439 1517 Διαλέξεις,
461 1464 510 1514 ἃς
531 1464 661 1514 αὐτὸς
682 1465 821 1520 οἰκείᾳ
842 1469 968 1518 φωνῇ
992 1464 1162 1518 γράψας
1182 1463 1485 1515 ἀπολέλοιπεν,
1506 1465 1627 1504 altero

99 1532 168 1581 (fr.
192 1532 235 1579 2)
270 1531 317 1571 ad
350 1533 435 1571 eius
470 1530 830 1585 “συγγράμματα’,
864 1545 939 1583 quo
982 1532 1027 1570 de
1062 1531 1225 1570 consilio
1258 1531 1351 1570 belli
1382 1531 1536 1570 Parthis
1569 1532 1627 1569 in-

99 1597 263 1636 ferendi.
309 1599 509 1649 pertinent
541 1599 661 1648 igitur
687 1597 734 1636 ad
760 1597 941 1636 ultimum
970 1598 1217 1636 Constantini
1244 1598 1465 1648 imperium.
1510 1609 1626 1648 quem

100 1668 229 1702 tamen
270 1676 344 1702 non
385 1665 467 1714 ipsa
499 1663 701 1702 uoluntate
734 1663 780 1701 ad
814 1662 1066 1702 scribendum
1104 1663 1309 1701 inductum
1343 1675 1428 1701 esse
1462 1674 1509 1701 ex
1542 1663 1627 1701 eius

100 1728 228 1767 indole
266 1741 337 1780 per
376 1741 416 1767 se
456 1734 616 1780 apparet
649 1730 811 1776 (Gesclz.
840 1729 932 1768 Litt.
962 1729 987 1767 I
1015 1729 1072 1767 96
1090 1731 1211 1780 sqq.);
1257 1728 1325 1767 sed
1371 1740 1469 1779 quae
1512 1740 1626 1766 eausa

100 1794 219 1833 fuerit
258 1793 498 1845 dubitamus,
539 1807 626 1833 nam
667 1807 714 1833 ne
755 1794 800 1833 de
834 1795 1077 1845 argumentis
1110 1793 1269 1845 quidem
1302 1793 1628 1844 inscriptionibus

100 1865 206 1898 certo
253 1859 456 1910 docemur,
501 1873 667 1911 quarum
706 1860 769 1899 illa
810 1873 947 1911 parum
987 1865 1167 1899 accurate
1206 1872 1293 1898 esse
1332 1859 1434 1898 dicta
1470 1858 1628 1898 uidetur

101 1948 154 1952 ——
183 1927 270 1976 quis
304 1926 408 1964 enim
442 1938 530 1964 eum
563 1939 631 1965 sua
665 1925 855 1977 colloquia
889 1927 1060 1977 posteris
1086 1925 1297 1964 tradidisse
1324 1923 1551 1976 putauerit?
1573 1947 1627 1951 —

102 1991 196 2029 haee
234 2003 371 2042 parum
411 1993 586 2044 proprie3
626 1993 757 2042 itaque
796 1992 1017 2042 proximum
1052 1992 1126 2029 fuit
1159 1990 1205 2030 de
1239 1991 1532 2029 commentariis
1566 1989 1628 2028 uel

101 2055 421 2107 ephemeridibus
453 2058 703 2108 imperatoris
736 2057 865 2096 minus
900 2056 1003 2095 docti
1042 2058 1224 2108 cogitare.

577 2259 805 2306 TATIVS
845 2259 1151 2306 oYfflLLVS

222 2365 356 2404 Simile
388 2367 421 2403 is
455 2366 663 2405 consilium
696 2371 811 2418 atque
845 2366 1104 2418 Capitolinus,
1144 2379 1233 2405 oum
1266 2366 1313 2404 ad
1346 2367 1626 2417 imperatorum

102 2432 203 2469 uitas
254 2430 542 2481 componendas
593 2431 759 2483 rediret,
810 2432 855 2470 ab
907 2434 1142 2483 imperatore
1191 2431 1445 2470 Constantino
1496 2432 1627 2470 iussus

103 2501 272 2547 ceperat,
299 2508 386 2534 cum
414 2501 457 2534 ut
483 2496 547 2534 ille
574 2496 852 2548 Herodianum,
881 2498 937 2536 sie
965 2494 1144 2535 ‘Graeca’
1171 2498 1212 2535 in
1240 2496 1420 2535 Latinum
1452 2502 1625 2535 uerteret

104 2566 141 2599 et
179 2560 400 2612 complures
440 2562 708 2613 imperatores,
748 2564 780 2600 si
819 2564 982 2601 materia
1021 2564 1284 2613 permitteret,
1318 2561 1483 2612 singulis
1515 2561 1627 2600 libris

104 2628 370 2677 coniungeret.
433 2628 603 2678 scriptor
645 2628 766 2678 igitur
810 2629 882 2666 fuit
926 2627 1093 2678 aulicus,
1140 2627 1302 2665 fortasse
1347 2626 1451 2666 idem
1495 2629 1562 2678 qui
1607 2641 1625 2666 a

104 2691 265 2742 Vopisco
298 2691 442 2730 Fabius
474 2691 715 2743 Ceryllianus
750 2694 984 2731 nominatur.
1035 2692 1158 2731 solum
1199 2694 1468 2731 testimonium
1502 2692 1547 2731 de
1582 2706 1626 2731 eo

102 2756 176 2795 hoe
209 2762 283 2795 est:
328 2758 544 2807 Ccffle'tolim'
570 2758 737 2797 Maxim.
760 2759 797 2807 1,
820 2759 842 2796 l
890 2759 948 2797 Ne
970 2758 1229 2809 fastidiosum
1262 2764 1362 2798 esset
1395 2760 1628 2798 clementiae
