1842 3133
645 93 680 127 C.
706 92 893 126 ASINIVS
921 91 1091 126 POLLIO
1445 106 1630 135 Lxxxxv

100 205 189 242 libri
218 214 267 242 ΙΙΙ
295 200 545 257 signiticaw),
573 203 640 241 uhi
665 205 794 241 omnia
823 203 870 241 ad
897 203 1145 241 ulciscendos
1173 204 1352 241 Caesaris
1380 216 1633 254 percussores

101 271 250 308 referre
297 271 444 320 incipit,
491 281 562 306 nec
607 270 691 306 sine
738 280 871 318 cansa,
918 268 1246 319 quemadmodum
1286 270 1324 306 in
1368 268 1468 306 libro
1511 269 1632 306 altero

100 335 326 385 Pompeium
361 339 393 372 et
431 335 637 372 Caesarem
671 335 869 371 orationes
904 333 1092 371 hahentes
1127 334 1273 371 fecerat
1312 339 1349 371 et
1386 333 1432 371 ad
1466 333 1633 371 Brundi-

99 401 200 438 sium
240 405 277 438 et
316 405 403 438 ante
437 399 665 437 Pharsalum
701 394 752 451 (sc.
780 396 972 450 50—513
1008 396 1213 449 53.-—72;
1249 395 1455 452 73—74),
1495 400 1550 436 sic
1594 400 1630 435 in

101 467 214 503 tertio
248 465 507 503 Octauianum
541 469 579 502 et.
611 465 822 502 Antonium
857 464 948 501 facit
976 459 1182 516 (lb—17.
1222 460 1426 517 18—20),
1454 469 1497 502 ut
1529 463 1633 501 aliud

99 543 168 580 par
207 531 496 580 protagonistae
537 535 573 567 61
614 529 953 579 deuteragonistae
995 528 1229 566 introducat.
1290 528 1431 567 deinde
1468 530 1631 567 materia

98 595 224 645 aliqua
253 608 297 633 ex
327 600 434 645 parte
463 600 646 632 mutatur.
676 606 765 631 nam
794 595 986 631 minuitur
1014 593 1209 632 dictorum
1238 606 1440 644 numerus,
1468 594 1506 632 id
1528 593 1631 644 quod

98 673 173 698 non
207 662 366 698 omnino
400 673 444 698 ex
480 659 660 697 Caesaris
695 659 740 697 de
775 671 913 696 scaena
957 658 1183 696 decedentis
1229 658 1359 696 indole
1404 658 1632 709 explicatur,

97 725 315 763 succeduntv
347 731 477 776 partes
511 724 700 775 quaedam
732 725 942 773 actionum,
975 725 1208 772 orationum,
1242 725 1494 774 scriptorum,
1528 725 1631 761 iussa

98 803 310 841 paucorum
350 803 558 839 uersuum,
598 794 791 840 augentur
830 788 1025 840 prodigia,
1067 788 1251 827 dilatatur
1288 791 1479 839 narratio,
1517 802 1632 839 quam

96 856 158 894 bis
192 857 279 903 (JV
304 857 356 893 [(ῑί
389 861 426 894 et
462 856 591 902 1⁷30)
627 854 870 905 capitulatim
904 867 943 892 se
979 855 1225 905 excerpsisse
1259 855 1478 905 profitetur,
1513 854 1630 892 multa

98 921 265 972 denique
300 920 477 970 suadent,
510 926 553 958 ut
585 920 648 958 uel
676 920 895 971 Appianum
928 920 991 958 uel
1026 921 1111 957 eius
1145 925 1346 957 auctorem
1380 924 1467 970 post
1495 919 1631 958 Caesa-

98 988 152 1024 ris
192 986 351 1025 caedem
384 986 480 1024 alios
521 986 648 1023 sontes
682 985 915 1036 praetulisse
950 997 1202 1036 censeamus3
1236 984 1332 1022 illud
1372 990 1503 1023 tamen
1542 997 1632 1022 con-

97 1051 315 1090 cedendum
355 1057 414 1090 est
452 1063 669 1089 consensus
709 1051 875 1101 Appiani
909 1050 1188 1100 plutarchique
1228 1049 1373 1088 indicia
1413 1051 1529 1087 etiam
1562 1062 1632 1100 per

97 1116 201 1155 illius
241 1122 422 1167 quartum
464 1115 607 1154 librum
641 1110 685 1159 (i.
715 1128 745 1154 e.
774 1127 898 1165 usque
939 1115 985 1153 ad
1018 1127 1189 1166 pugnam
1222 1111 1539 1168 Philippensmn)
1574 1117 1631 1152 in-

96 1183 236 1220 ueniri.
270 1183 348 1220 iam
374 1194 470 1220 uero
498 1186 626 1220 artum
654 1180 763 1219 illum
793 1182 910 1219 etiam
932 1182 1026 1218 artis
1050 1180 1329 1231 descriptionis
1351 1186 1467 1231 atque
1488 1193 1631 1218 uocum

96 1252 331 1285 concentum
357 1248 603 1297 uestigiaque
632 1247 861 1297 interpretis
889 1246 1065 1283 Asiniani
1100 1245 1222 1283 altero
1256 1245 1362 1284 illius
1395 1245 1495 1284 lihro
1524 1258 1631 1283 coer-

96 1314 178 1350 ceri
196 1324 312 1363 supra
330 1311 514 1350 uidimus.
545 1313 641 1350 ratio
662 1313 782 1362 igitur
799 1323 894 1349 usus
913 1312 1080 1349 oratoris
1101 1316 1248 1349 mutata
1272 1316 1341 1361 est,
1363 1312 1507 1349 mansit,
1524 1324 1630 1349 usus.

96 1390 331 1428 quamquam
366 1377 411 1416 de
446 1377 557 1415 lihris
590 1386 782 1415 111.1V.V
816 1378 963 1414 certius
991 1376 1182 1414 iudicium
1217 1382 1332 1426 esset,
1367 1377 1399 1414 si
1432 1376 1631 1414 Plutarchi

95 1445 217 1481 uitam
256 1444 547 1494 protagonistae
581 1444 604 1480 i.
633 1455 664 1481 e.
692 1443 856 1492 Augusti
895 1441 1149 1493 haberemus,
1189 1454 1293 1480 nunc
1334 1454 1423 1480 cum
1456 1442 1629 1492 Appiano

96 1509 254 1546 Antonii
293 1507 633 1558 deuteragonistae
676 1508 797 1546 uitam
844 1519 1071 1558 comparare
1110 1519 1339 1557 possumus,
1385 1506 1487 1558 quod
1533 1519 1629 1557 opus

96 1575 135 1611 in
170 1586 213 1612 ea
246 1574 496 1624 potissimum
536 1578 664 1623 parte,
703 1573 770 1611 uhi
817 1586 905 1610 cum
944 1573 1118 1623 Augusto
1159 1574 1377 1623 concurrit,
1421 1572 1628 1610 admodum

98 1644 213 1677 1611116
247 1644 324 1689 est,
363 1644 400 1677 et
432 1639 704 1688 tritagonistae
738 1638 860 1687 Bruti,
894 1650 940 1675 ex
975 1650 1047 1688 qua
1082 1637 1241 1688 quidem
1279 1637 1540 1688 comparando
1575 1637 1629 1674 di-

97 1705 243 1742 scimus
271 1705 378 1742 riuos
406 1703 594 1754 quosdam
623 1716 667 1741 ex
696 1703 896 1741 Messallae
925 1704 1220 1741 commentariis
1252 1704 1291 1740 in
1319 1703 1485 1753 Appiani
1512 1702 1630 1740 lihros

97 1769 285 1807 deductos
325 1781 428 1818 esse,
469 1770 634 1807 fortasse
674 1769 791 1807 etiam
830 1767 1034 1806 Octauiani
1076 1769 1349 1806 auctoritatem
1393 1767 1438 1806 de
1479 1769 1629 1806 somnio

95 1834 339 1885 Philippensi
372 1833 475 1878 (ald.
495 1847 538 1883 p.
561 1832 649 1885 58).

214 1900 347 1950 Itaque
373 1900 487 1937 *hanc
527 1901 794 1937 coniecturam
835 1912 1020 1950 propono,
1054 1911 1142 1936 cum
1176 1898 1364 1936 Tralliani
1398 1898 1543 1936 bellum
1577 1900 1629 1935 ci-

95 1964 173 2003 uile
208 1965 354 2003 Graece
388 1966 579 2015 scriptum
613 1978 701 2003 cum
729 1964 908 2002 Caesaris
936 1964 1053 2002 caede
1082 1965 1236 2002 finitum
1265 1969 1380 2014 esset,
1410 1964 1629 2014 Appianum

96 2042 242 2068 nouum
277 2030 422 2068 fontem
457 2031 764 2080 circumspicere
799 2034 977 2068 coactum
1004 2030 1169 2079 Augusti
1203 2030 1506 2067 commentarios
1541 2042 1629 2067 cum

96 2096 219 2133 Asinii
253 2097 420 2133 oratoris
455 2095 631 2133 historiis
665 2096 932 2133 contaminare
966 2091 1187 2148 coepisse2)
1224 2094 1291 2133 sed
1325 2107 1370 2133 ex
1405 2094 1491 2133 aliis
1519 2094 1629 2132 libris

96 2165 139 2198 ut
171 2159 273 2198 Liuii
307 2160 497 2211 quaedam
532 2162 787 2211 inspersisse,
828 2173 918 2198 casu
954 2165 1083 2198 autem
1117 2172 1207 2198 eum
1239 2160 1303 2198 uel
1336 2161 1528 2210 grauitate
1562 2173 1628 2198 no—

97 2226 245 2263 minum
280 2227 396 2263 etiam
431 2226 493 2263 hic
526 2238 642 2276 saepe
678 2225 848 2264 delatum
882 2238 968 2263 csse
1003 2225 1049 2263 ad
1077 2225 1235 2263 eosdem
1263 2230 1456 2275 auctores,
1487 2225 1629 2275 quihus

97 2291 214 2328 etiam
258 2290 490 2329 Plutarchus
535 2303 630 2329 usus
677 2296 777 2341 erat,
823 2290 861 2328 id
907 2290 1011 2341 quod
1052 2292 1169 2328 etiam
1209 2291 1249 2328 111
1288 2292 1414 2340 primo
1454 2290 1553 2328 libro
1593 2292 1629 2328 ei

97 2357 302 2394 materiam
335 2368 380 2394 ex
414 2355 593 2406 pluribus
621 2355 733 2394 libris
761 2355 962 2406 colligenti
990 2352 1242 2409 acciderat3),
1270 2361 1386 2406 atque
1414 2355 1459 2393 de
1487 2356 1629 2405 pugnis

97 2422 264 2459 maxime
298 2420 629 2471 Philippensibus,
662 2427 705 2459 ut
737 2422 776 2459 111
810 2421 947 2459 latiore
982 2433 1118 2471 campo
1152 2422 1399 2471 spatiaretur,
1427 2420 1627 2458 Messallae

219 2545 249 2584 11
278 2540 425 2574 Certum
462 2540 661 2575 Octauiani
699 2540 902 2585 uestigium
942 2541 1041 2584 apud
1082 2539 1295 2585 Appianum
1328 2540 1376 2573 111
1411 2544 1453 2574 95
1488 2540 1562 2575 uid.
1590 2540 1628 2573 in

98 2593 182 2627 adn.
204 2594 252 2627 ad
275 2593 437 2638 Augusti
463 2593 506 2628 fr.
530 2598 548 2627 9
575 2606 610 2638 p.
633 2599 688 2629 58.

217 2649 250 2691 2)
276 2646 355 2681 Hoc
382 2646 481 2681 enim
507 2646 553 2680 ab
576 2647 740 2691 Appiani
766 2646 923 2681 historia
948 2658 1021 2681 non
1049 2646 1212 2681 alienum
1240 2658 1318 2681 esse
1344 2647 1472 2681 Soltau
1494 2646 1624 2680 Philol.

98 2699 224 2743 Suppl.
246 2700 313 2733 VII
339 2712 372 2744 p.
396 2704 462 2734 597
479 2712 557 2743 sqq.
579 2699 671 2733 1111111
698 2699 893 2744 persuasit.

217 2755 250 2795 3)
278 2753 409 2787 Busolt
435 2753 473 2786 in
500 2753 677 2788 Fleckeis.
701 2764 783 2787 ann.
809 2757 872 2787 141
901 2765 935 2797 p.
960 2758 1028 2788 340
1044 2765 1121 2797 sqq.
1144 2758 1223 2787 437.
