1842 3133
64 493 77 517 υ,

746 103 971 138 HISTORIA
1546 104 1624 145 157

99 215 199 255 uidit
237 228 324 254 eun]
366 215 604 254 exultanwm
643 228 751 254 more
790 214 994 253 barbarico
1034 216 1225 266 iussitque
1261 215 1429 265 tribuno,
1462 221 1504 254 ut
1537 228 1625 253 011111

100 282 340 320 coliem-itum
368 281 414 320 ad
442 281 654 319 Romanam
683 280 863 319 inbuerct
891 280 1146 332 disciplinam.
1192 280 1255 318 ille
1283 293 1389 331 uero,
1416 280 1481 319 ubi
1511 280 1556 319 (le
1585 294 1625 319 sc

98 346 291 385 intellexit
324 348 541 397 principem
576 346 693 397 loqui,
722 347 889 384 accessit
921 345 968 384 ad
1001 358 1090 384 eum
1119 347 1437 397 equitantemque
1471 347 1624 397 praeire

100 412 265 463 pedibus
293 413 430 462 coepit.
478 417 558 450 111111
588 413 800 462 imperator
826 424 925 462 equo
959 411 1004 449 ad
1033 411 1180 449 lentum
1215 424 1374 449 cursum
1408 411 1625 449 calcarihus

98 479 257 516 incitato
293 477 434 515 inultos
468 476 582 514 urbes
622 477 696 515 liue
731 482 845 527 atque
880 476 970 514 illuc
1003 489 1127 527 usque
1161 476 1207 514 ud
1241 490 1349 514 suain
1385 476 1624 526 defatigatio-

99 555 185 580 nem
232 543 352 581 uariis
398 542 613 580 dellexilnis
659 541 865 592 iinpediuit
904 555 947 579 ac
989 541 1128 579 deinde
1168 543 1220 579 ait
1257 541 1332 580 illi:
1370 540 1485 579 ‘Nuin
1532 542 1625 593 quid

99 609 159 646 uis
198 613 284 659 post
323 620 493 658 cursum,
532 607 754 657 'flu-acisce,
797 605 986 645 luctare‘R’
1029 606 1247 657 respoudit:
1285 605 1496 651 ‘Quantum
1531 607 1624 645 libet

98 671 337 724 i1npe1·a[‹n·.'
384 674 436 711 ita
471 674 642 711 Seuerus
677 685 721 710 ex
762 684 861 722 equo
903 671 1089 710 desiliens
1129 673 1422 710 reeeinissiinos
1457 673 1623 711 militum

98 751 186 776 011111
221 751 265 776 00
300 738 492 776 decertari
526 739 650 776 iussit.
703 743 740 775 at
772 737 836 775 ille
870 742 1020 787 septeni
1054 737 1345 775 ualentissiinos
1381 738 1545 775 iuuenes
1579 738 1625 776 ad

97 840 275 874 tendendi
298 839 443 883 cumis,
471 840 533 883 qui
561 839 636 873 iam
664 851 734 873 non
762 839 941 873 mediocri
968 839 1047 873 loco
1075 838 1291 874 militarent.
1330 839 1622 883 magnitudinem

97 888 260 932 corporis
283 888 439 921 Seuerus
465 887 621 920 miratus
649 887 690 932 [c
715 892 747 929 (i,
768 890 791 921 8
818 886 908 920 Erat
927 886 1187 931 magnitudine
1208 888 1327 930 tanta,
1348 888 1390 920 ut
1410 890 1491 921 octo
1512 888 1624 931 pedes

98 935 227 980 digitis
255 946 318 969 sex
344 935 530 969 diceretur
556 946 736 979 egressus.
763 935 807 977 cf.
824 946 851 969 c.
873 937 934 977 28,
950 935 1001 980 8.]
1022 934 1180 978 primun]
1209 945 1291 968 011111
1319 946 1401 968 011111
1422 934 1506 968 lixis
1528 947 1624 969 coln-

96 983 233 1027 posuit,
254 982 319 1017 sed
340 981 552 1016 fortissimis
573 981 792 1026 quibusque,
814 993 860 1016 110
881 981 1120 1026 disciplinam
1141 982 1341 1015 militarem
1363 985 1623 1027 corrumperet.

96 1033 184 1065 tunc
216 1030 440 1064 Maximinus
479 1029 640 1064 sedecim
678 1029 772 1064 lixas
812 1041 883 1064 uno
923 1030 1056 1064 sudore
1092 1029 1232 1063 deuicit
1268 1029 1427 1064 sedecim
1462 1030 1624 1074 acceptis

95 1077 270 1123 praemiis
291 1077 519 1121 minusculis,
540 1088 613 1112 non
633 1077 869 1119 militaribus,
891 1077 1085 1121 iussusque
1112 1077 1286 1111 militare.
1332 1078 1375 1123 [c.
1396 1080 1432 1120 2,
1451 1081 1475 1112 2
1501 1078 1624 1112 Prima

97 1125 285 1171 stipendia
317 1125 503 1169 equestria
535 1124 621 1159 huic
654 1125 780 1170 fuere]
824 1128 879 1169 (3)
907 1124 1034 1159 Tertia
1066 1124 1162 1159 forte
1190 1125 1249 1158 die
1277 1136 1357 1159 cum
1385 1126 1625 1170 processisset

97 1173 254 1208 Seuerus
281 1173 329 1207 ad
356 1184 537 1218 campum,
564 1172 603 1206 in
629 1173 742 1207 turba
768 1172 1016 1207 exsultantem
1041 1184 1142 1206 more
1162 1172 1358 1207 barbarico
1380 1173 1623 1207 Maximinum

96 1221 195 1255 uidit
214 1220 396 1264 iussitque
417 1220 545 1254 statim
566 1220 727 1263 tribuno,
749 1222 790 1255 ut
809 1231 894 1255 eum
920 1221 1132 1254 coherceret
1158 1222 1195 1255 et
1219 1220 1266 1253 ad
1286 1220 1494 1254 Romanam
1515 1220 1624 1255 disci-

97 1268 238 1313 plinam
265 1268 447 1303 inbueret.
492 1270 581 1302 tunc
608 1267 682 1312 ille,
710 1268 774 1302 ubi
801 1268 847 1302 de
875 1279 911 1302 se
938 1267 1124 1302 intellexit
1153 1267 1415 1312 imperatorem
1447 1268 1623 1312 locutum,

97 1316 305 1361 suspicatus
338 1316 518 1350 barbarus
553 1318 590 1349 et
616 1318 743 1350 notum
772 1327 809 1350 30
837 1327 915 1350 0330
943 1315 1103 1360 principi
1131 1317 1168 1349 et
1193 1315 1290 1349 inter
1316 1315 1452 1349 multos
1481 1316 1623 1360 conspi-

97 1376 216 1405 cuum,
251 1365 298 1398 ad
331 1364 445 1408 pedes
479 1363 713 1407 imperatoris
745 1363 950 1406 equitantis
984 1363 1150 1397 accessit.
1192 1365 1271 1397 tum
1304 1363 1433 1397 uolens
1467 1364 1623 1397 Seuerus

97 1412 299 1456 explorare,
321 1413 481 1455 quantus
503 1411 540 1444 in
568 1411 747 1445 currendo
775 1413 883 1453 esset,
910 1422 1045 1454 equum
1073 1410 1226 1445 admisit
1248 1411 1375 1445 multis
1397 1410 1624 1445 circuitioni-

96 1459 175 1502 bus,
216 1461 252 1493 et
290 1470 371 1493 Cum
411 1469 522 1493 senex
561 1459 763 1503 imperator
798 1458 1016 1499 laborasset,
1056 1469 1174 1502 neque
1207 1458 1271 1492 ille
1298 1470 1319 1492 a
1347 1459 1526 1493 currendo
1560 1470 1624 1503 per

96 1507 214 1542 multa
246 1507 370 1551 spatia
397 1507 563 1549 desisset,
591 1507 645 1540 ait
671 1506 722 1541 ei:
752 1506 864 1548 ‘Quid
891 1506 946 1539 uis
973 1506 1215 1540 Thraecisce‘?
1253 1506 1433 1549 numquid
1462 1506 1625 1540 delectat

96 1554 231 1588 luctari
263 1557 348 1599 post
379 1555 563 1589 cursum?’
603 1555 699 1589 tum:
729 1554 934 1596 ‘Quantum
967 1553 1060 1588 libet
1085 1553 1235 1598 (inquit)
1266 1553 1492 1598 imperator.’
1539 1556 1625 1599 post

96 1603 165 1636 hoc
192 1613 236 1636 ex
262 1612 355 1646 equo
378 1601 535 1636 Seuerus
562 1601 755 1636 descendit
780 1603 818 1636 et
843 1601 1116 1636 recentissimos
1143 1612 1310 1645 quosque
1337 1612 1379 1635 ac
1402 1601 1623 1636 fortissimos

96 1649 234 1684 milites
268 1649 301 1684 ei
335 1648 542 1694 comparari
574 1649 692 1683 iussit.
739 1652 818 1684 tum
850 1648 913 1683 ille
946 1660 1045 1683 more
1079 1648 1187 1683 solito
1221 1651 1364 1693 septem
1402 1649 1623 1684 fortissimos

98 1708 169 1731 uno
209 1698 340 1731 sudore
378 1697 471 1731 uicit
508 1697 681 1741 solusque
720 1696 884 1731 omnium
918 1708 939 1731 a
972 1696 1107 1730 Seuero
1139 1698 1223 1740 post
1255 1698 1432 1740 argentea
1458 1698 1624 1741 praemia

96 1747 227 1788 torque
255 1755 364 1778 aureo
393 1745 551 1779 donatus
579 1746 635 1779 est
660 1744 855 1788 iussusque
881 1744 978 1778 inter
1005 1744 1203 1788 stipatores
1231 1743 1392 1788 eorporis
1417 1755 1560 1789 semper
1585 1745 1622 1778 in

97 1793 184 1826 aula
210 1792 420 1826 consistere.
461 1792 546 1826 hinc
579 1792 694 1837 igitur
726 1792 846 1827 factus
875 1791 1095 1836 conspicuus
1123 1794 1159 1825 et
1185 1803 1218 1835 q.
1240 1803 1265 1825 3.
1312 1804 1338 1826 c.
1361 1796 1394 1834 4,
1414 1795 1436 1826 4
1462 1792 1532 1826 Hic
1559 1793 1621 1826 diu

97 1841 165 1873 sub
192 1839 379 1874 Antonino
407 1839 598 1874 Caracallo
631 1840 779 1874 ordines
813 1839 919 1873 duxit
951 1840 1177 1874 centuriatos
1211 1840 1248 1873 et
1275 1841 1415 1873 ceteras
1441 1839 1622 1874 militares

98 1887 302 1931 dignitates
335 1898 445 1932 saepe
477 1887 665 1921 tractauit.
709 1887 776 1921 sub
810 1887 993 1931 Macrino,
1027 1887 1126 1932 quod
1159 1898 1258 1928 eum,
1293 1887 1356 1930 qui
1388 1887 1622 1931 imperatoris

98 1936 152 1969 sui
182 1935 297 1968 filium
325 1935 523 1978 occiderat,
549 1935 789 1970 uehementer
816 1935 965 1979 odisset,
993 1945 1014 1969 a
1040 1934 1177 1968 militia
1204 1934 1317 1968 desiit
1343 1936 1379 1968 et
1405 1935 1443 1968 in
1463 1935 1624 1970 Thracia

97 1983 135 2016 in
168 1983 261 2025 uico,
294 1982 358 2016 ubi
391 1983 539 2027 genitus
565 1983 699 2026 fuerat,
725 1982 976 2027 possessiones
1006 1982 1240 2027 comparauit
1266 1984 1303 2016 et
1329 1994 1361 2026 q.
1385 1994 1411 2016 s.
1450 1983 1477 2029 5
1502 1986 1525 2016 6·
1552 1983 1622 2017 Sed

97 2030 217 2064 occiso
244 2030 411 2064 Macrino
439 2041 519 2064 cum
547 2030 622 2064 filio
650 2041 727 2074 suo,
761 2030 824 2064 ubi
850 2029 1139 2075 Heliogabalum
1172 2030 1277 2073 quasi
1300 2030 1479 2063 Antonini
1506 2030 1622 2064 filium

98 2078 278 2122 imperare
306 2078 484 2122 conperit,
512 2078 586 2111 iam
615 2079 781 2112 maturae
809 2078 944 2112 aetatis
971 2078 1018 2112 ad
1045 2088 1128 2111 eum
1148 2077 1253 2111 uenit
1272 2077 1441 2121 petitque
1462 2079 1503 2111 ut
1523 2079 1621 2122 quod

98 2138 188 2159 auus
215 2126 294 2159 eius
316 2125 471 2159 Seuerus
498 2126 628 2159 iudicii
656 2126 753 2160 circa
779 2136 816 2159 se
842 2125 1035 2169 habuerat,
1063 2126 1100 2159 et
1126 2125 1204 2169 ipse
1231 2124 1396 2159 haberet.
1436 2125 1501 2159 sed
1523 2127 1621 2170 apud

97 2173 269 2217 inpurum
289 2173 475 2207 hominem
496 2173 620 2208 ualere
641 2173 736 2207 nihil
755 2173 888 2218 potuit.
921 2184 1008 2207 nam
1029 2174 1066 2207 et
1085 2185 1118 2216 q.
1136 2184 1160 2205 3,
1195 2184 1221 2205 c.
1245 2175 1278 2214 5,
1292 2175 1314 2206 4
1334 2183 1443 2215 quem
1464 2173 1622 2207 Alexan-

98 2221 163 2254 der
187 2221 280 2254 miro
308 2232 388 2254 cum
414 2221 565 2266 gaudio,
585 2221 678 2255 mira
699 2232 782 2255 cum
801 2221 1054 2266 gratulatione
1075 2220 1247 2264 suscepit.
1291 2219 1500 2255 Christiana
1520 2221 1619 2266 Sym-

97 2269 244 2303 machus
281 2280 324 2303 ew
359 2269 484 2303 Orosio
516 2270 687 2313 sumpsit:
720 2269 825 2312 (VII
846 2271 904 2311 18,
926 2272 964 2312 S)
992 2267 1148 2302 militari
1180 2267 1344 2302 tumultu
1380 2268 1622 2315 [Alexander]

98 2316 197 2360 apud
224 2316 502 2361 Mogontiacum
535 2316 752 2351 interfectus
785 2318 851 2350 est.
893 2318 967 2359 (19,
988 2320 1024 2359 1)
1047 2316 1153 2349 Anno
1181 2314 1227 2348 ab
1253 2327 1287 2349 u.
1311 2326 1339 2349 0.
1361 2328 1621 2350 Dccccrxxxvn

97 2363 321 2401 Maximinus
343 2384 386 2388 —
406 2363 510 2397 nulla
537 2365 687 2398 senatus
714 2363 909 2398 uoluntate
935 2363 1138 2407 imperator
1159 2362 1205 2396 ab
1227 2363 1402 2406 exercitu,
1424 2366 1621 2408 postquam

97 2410 237 2444 bellum
263 2410 302 2445 in
328 2410 527 2445 Germania
552 2422 727 2456 prospere
752 2413 930 2457 gesserat,
957 2412 1102 2445 creatus
1128 2411 1423 2454 persecutionem
1455 2412 1493 2445 in
1520 2411 1622 2446 Chri-

99 2458 238 2492 stianos
272 2459 394 2492 sextus
422 2469 444 2492 a
469 2458 615 2493 Nerone
647 2459 821 2493 exercuit.
868 2458 929 2492 sed
958 2458 1144 2501 continuo,
1178 2457 1248 2492 hoc
1280 2460 1336 2492 est
1361 2459 1483 2502 tertio,
1510 2470 1621 2503 quam

98 2505 281 2550 regnabat
301 2516 408 2548 anno,
430 2516 452 2539 a
478 2506 668 2551 Puppieno
699 2506 876 2551 [Pupione
902 2507 1008 2541 multi
1033 2506 1150 2551 codd]
1176 2505 1370 2548 Aquileiae
1403 2506 1620 2541 interfectus

99 2554 136 2586 et
161 2553 428 2596 persecutionis
456 2556 494 2587 et
518 2554 620 2588 uitae
647 2554 755 2587 finem
782 2553 880 2588 fecit.

221 2656 255 2691 1.
287 2649 464 2704 tribuno]
490 2653 591 2692 bono
618 2654 673 2690 H
795 2655 832 2691 4.
867 2654 915 2691 ad
941 2655 1161 2692 uiolentum
1193 2667 1349 2692 cursum
1374 2655 1621 2692 DInraz‘orius

101 2714 138 2751 6.
170 2712 374 2751 inflexibus
401 2713 666 2762 interpedauit
691 2714 746 2750 Π
834 2714 870 2750 8.
903 2712 976 2762 ita]
998 2716 1092 2751 tunc
1118 2714 1199 2750 III
1286 2714 1521 2752 descendens
1544 2715 1625 2751 III

98 2773 245 2811 milites
265 2772 346 2809 ΙΙΙ
465 2775 500 2811 9.
534 2771 591 2821 at]
626 2785 671 2810 ac
697 2773 751 2809 Π
868 2769 1046 2824 10001103]
1071 2773 1218 2812 milites
1244 2774 1300 2810 H
