1842 3133
620 95 886 130 VIPSTANVS
914 95 1164 130 MESSALLA
1466 112 1656 141 (¹1,xv1111

129 209 287 248 modum
333 208 496 247 Crassus
542 208 604 247 uel
650 208 786 246 Cicero
834 209 871 246 in
917 207 1029 246 libris
1075 208 1121 246 de
1161 214 1314 247 oratore
1353 209 1453 259 uult,
1494 210 1531 247 in
1572 211 1656 248 iure,

128 274 284 326 publico
319 278 356 312 et
388 275 541 324 priuato
575 279 611 312 et
645 275 683 311 in
717 273 961 324 philosophia
990 273 1259 323 cognoscenda
1288 273 1448 313 adsidue
1476 281 1656 313 uersatus

130 344 222 390 erat,
263 344 299 377 et
339 340 377 377 in
416 340 495 377 uita
537 338 1009 377 libertatem*absolutam
1045 341 1231 390 exercuit,
1265 352 1338 390 qua
1374 353 1461 378 cuin
1496 353 1655 379 suorum

130 410 349 456 temporum
379 404 506 443 studia
534 404 707 443 inridere
736 410 850 454 atque
878 409 1131 443 ‹·ont‹=1inie1·e
1160 418 1235 443 non
1265 411 1483 455 uereretur,
1518 406 1656 445 multo-

130 483 216 509 rum
261 471 410 508 animos
455 469 655 508 oll'endere
702 470 866 520 solebat,
906 471 973 521 qui
1013 471 1172 521 ineptiis
1212 483 1300 509 611111
1342 471 1473 509 fauere
1520 484 1656 522 expro-

128 536 287 575 brantes
325 535 617 574 ulciscebantur
650 537 701 582 (c.
727 536 815 583 32).
868 535 1028 574 breuius
1069 535 1137 574 sed
1171 549 1246 574 non
1280 538 1410 574 minus
1443 537 1656 575 honorilice

129 601 286 640 Tacitus
332 602 371 639 in
415 601 591 639 historiis
630 613 718 639 eum
759 600 931 652 loquitur
971 601 1085 639 claris
1125 602 1337 640 maioribus
1378 603 1657 653 egregiumque

128 669 256 718 ipsum
292 667 410 704 fuisse
444 671 558 717 atque
597 665 722 704 solum
762 666 808 704 ad
847 665 992 704 belluni
1020 666 1247 717 Vespasiani
1287 672 1320 704 et
1353 666 1493 705 Vitellii
1536 667 1656 705 bonas

127 737 231 771 artes
268 731 443 770 attulisse
484 733 579 779 (III
600 733 645 779 9)
680 731 926 782 eundemque
966 731 1109 770 Romae
1156 733 1266 770 initio
1307 746 1337 770 a.
1374 729 1540 784 7038?ss
1586 745 1655 783 pro

129 798 247 836 fratre
282 793 477 851 (uterino)
512 797 558 835 M.
586 797 739 849 Aquilio
773 796 919 848 Regulo
960 803 1121 848 propter
1161 797 1375 836 delationes
1415 797 1513 836 male
1548 798 1656 836 audi-

128 868 218 902 ente
257 864 296 900 in
335 867 473 901 senatu
520 875 658 901 ausum
699 862 901 914 deprecari
943 863 1100 913 pietatis
1145 863 1470 914 eloquentiaeque
1518 865 1656 901 l'ainam

128 929 311 980 adeptum
344 940 430 967 esse
465 929 551 975 (IV
572 928 658 976 42).

247 993 323 1032 Sed
368 993 544 1032 Messalla
584 1006 615 1032 a.
646 990 829 1046 74s827,
875 1007 950 1045 quo
995 994 1153 1032 Tacitus
1200 993 1435 1044 colloquium
1482 994 1656 1033 habitum

130 1073 215 1098 esse
250 1060 377 1110 finxit,
417 1058 591 1097 nondum
624 1059 808 1098 historias
843 1061 1050 1110 scripsisse
1084 1059 1258 1110 uidetur,
1293 1072 1420 1111 neque
1455 1061 1558 1098 enim
1593 1072 1657 1098 eas

129 1137 435 1164 commemorare
456 1126 671 1177 omisisset,
693 1137 780 1163 cum
803 1130 933 1163 tamen
956 1124 1148 1175 dialogum
1172 1130 1425 1176 componeret
1446 1122 1656 1176 a.80s833,

128 1195 171 1229 ut
197 1190 294 1241 aliis,
321 1196 408 1242 post
434 1190 696 1229 Domitianum
725 1192 910 1241 occisum,
937 1196 979 1229 ut
1006 1190 1092 1228 aliis
1118 1191 1248 1229 uisum
1277 1196 1346 1241 est,
1374 1192 1451 1229 iam
1479 1196 1657 1229 mortuus

130 1262 224 1295 erat.
265 1269 354 1294 nam
382 1256 455 1294 hoc
483 1257 566 1295 eius
594 1268 656 1294 ars
684 1256 987 1307 praescribebat,
1015 1268 1062 1295 ne
1090 1258 1178 1307 quis
1206 1269 1340 1294 eorum
1369 1257 1435 1307 qui
1462 1257 1657 1306 uiuerent,

129 1321 449 1361 introduceretur
470 1323 574 1369 (Cic.
594 1324 649 1361 {td
668 1324 746 1361 Att.
769 1323 835 1371 13,
852 1322 918 1370 19,
933 1323 961 1360 3
980 1334 1035 1370 sq.
1060 1335 1094 1360 11.
1116 1334 1143 1360 s.
1158 1335 1200 1371 [1.
1227 1336 1296 1360 rm
1307 1324 1395 1371 sq).
1431 1321 1533 1373 quod
1561 1327 1658 1360 tem-

129 1389 236 1440 poris
275 1389 443 1439 spatium
483 1387 546 1426 ille
586 1387 688 1426 liber
726 1387 939 1439 conplexus
973 1388 1039 1438 sit,
1073 1400 1149 1426 non
1182 1393 1307 1439 potest
1345 1388 1553 1427 diiudicari
1586 1400 1658 1426 nec

130 1466 228 1505 quae
275 1454 397 1491 forma
443 1454 578 1504 suerit,
621 1459 754 1493 utrum
800 1454 1054 1492 historiarum
1100 1466 1146 1491 an
1193 1455 1565 1492 commentariorum
1611 1466 1658 1491 an

129 1518 251 1557 libelli
278 1514 355 1572 (sic
388 1518 529 1557 Nissen
559 1532 597 1569 p.
619 1516 737 1574 529),
769 1532 896 1570 neque
931 1532 975 1557 ex
1011 1532 1054 1558 ea
1088 1531 1215 1570 causa,
1249 1519 1350 1570 quod
1378 1519 1535 1557 Tacitus
1570 1532 1658 1557 eum

129 1586 207 1623 nisi
246 1586 285 1623 in
325 1584 442 1623 rebus
476 1597 506 1623 a.
535 1582 702 1637 69f822
742 1584 949 1623 narrandis
983 1597 1060 1623 non
1093 1584 1287 1635 laudauit,
1321 1584 1534 1636 quidquam
1568 1597 1658 1623 con-

131 1650 235 1689 cludi
280 1655 419 1701 potest.
475 1650 691 1702 indignatio
737 1655 883 1701 autem,
929 1663 1003 1702 qua
1049 1663 1140 1689 suae
1186 1652 1323 1689 aetatis
1363 1651 1658 1701 corruptionem

130 1716 288 1754 Tacitus
328 1728 416 1754 eum
454 1717 494 1754 in
535 1716 684 1768 dialogo
718 1717 977 1755 insectantem
1011 1716 1120 1766 fecit,
1154 1718 1270 1755 etiam
1305 1729 1351 1754 ex
1385 1717 1430 1755 fr.
1462 1714 1482 1754 1
1521 1715 1667 1766 elucet,

132 1794 248 1833 quam
280 1781 327 1819 ob
361 1794 442 1820 rem
478 1781 644 1820 eundem
679 1781 825 1820 dictum
860 1794 944 1820 esse
979 1794 1119 1820 censeo
1147 1781 1197 1820 III
1225 1795 1255 1820 c.
1278 1778 1345 1832 51,
1373 1781 1441 1821 ubi
1469 1780 1658 1820 ‘celeber-

131 1849 252 1886 rimos
278 1843 479 1886 auctores'
505 1852 818 1886 secutusnarrat
849 1846 1013 1886 ‘tantam
1038 1847 1258 1886 uictoribus
1287 1847 1478 1886 aduersus
1509 1847 1565 1885 fas
1593 1859 1659 1885 ne-

132 1914 266 1964 fasque
311 1913 618 1952 inreuerentiam
664 1913 803 1963 fuisse,
845 1918 897 1951 ut
932 1914 1135 1964 gregarius
1181 1925 1300 1965 eques
1326 1914 1519 1952 occisum
1559 1926 1578 1951 a
1618 1925 1658 1951 se

131 1979 307 2031 proxima
340 1980 421 2016 acie
455 1978 615 2017 fratrem
647 1979 850 2030 professus
877 1980 1095 2030 praemium
1122 1992 1141 2017 a
1171 1978 1336 2018 ducibus
1362 1975 1550 2030 petierit’,
1579 1984 1660 2017 tum

133 2044 337 2083 Sisennam
383 2045 486 2094 citat,
533 2043 700 2095 denique
747 2044 846 2083 hanc
892 2044 1059 2083 fabulam
1102 2046 1156 2082 ita
1196 2045 1306 2096 quasi
1349 2049 1530 2083 excusat:
1575 2041 1660 2082 ‘sed

132 2110 228 2148 haec
273 2109 423 2161 aliaque
470 2122 514 2148 ex
558 2114 694 2148 uetere
738 2111 927 2149 memoria
971 2112 1110 2162 petita,
1149 2111 1331 2161 quotiens
1371 2122 1434 2148 res
1473 2109 1660 2160 locusque

133 2174 310 2226 exempla
337 2176 434 2213 recti
461 2180 526 2213 aut,
553 2175 688 2214 solatia
715 2175 806 2214 mali
832 2181 979 2227 poscet,
999 2175 1102 2214 haud
1130 2175 1297 2214 absurde
1325 2172 1657 2214 memorabimus.’

133 2240 260 2279 Etiam
293 2240 464 2291 libertas,
499 2242 530 2278 si
565 2240 636 2279 suh
664 2241 913 2293 Vespasiano?
934 2241 1077 2280 librum
1112 2241 1250 2291 edidit,
1284 2240 1374 2279 inde
1409 2241 1660 2291 conspicitur,

135 2305 238 2357 quod
283 2305 488 2356 Hormum,
534 2308 618 2345 eius
657 2307 859 2357 libertum,
905 2306 1082 2345 kalendis
1121 2307 1311 2345 Ianuariis
1351 2319 1382 2344 a.
1417 2303 1581 2351 Voss-23
1622 2307 1660 2343 in

136 2371 313 2409 ordinem
349 2376 573 2422 equestrem
608 2377 827 2423 receptum,
861 2373 1075 2411 atrocitatis
1115 2372 1329 2411 Cremonae
1363 2371 1472 2409 urbis
1513 2371 1661 2409 deletae

135 2441 266 2487 aperte
307 2449 469 2486 arguere
509 2450 586 2475 non
631 2442 690 2476 est
731 2439 889 2476 ueritus
923 2438 993 2487 (fr.
1020 2438 1078 2488 2),
1119 2450 1193 2488 qua
1238 2438 1295 2475 ira
1341 2439 1457 2475 etiam
1502 2436 1660 2474 Tacitus

134 2503 319 2540 incensus
352 2506 411 2540 est
439 2503 537 2548 (III
566 2503 652 2552 1⁶2),
686 2515 704 2541 a
744 2516 820 2554 quo
854 2505 981 2554 ipsum
1018 2503 1218 2541 Messallae
1259 2503 1373 2540 amici
1406 2501 1549 2540 librum
1584 2502 1659 2539 nisi

136 2566 183 2605 ad
216 2567 475 2617 supplendum
514 2569 721 2618 perpaucis
760 2568 856 2607 locis
888 2568 1057 2607 Plinium
1099 2581 1174 2606 non
1209 2567 1425 2606 adhibitum
1460 2580 1546 2605 6556
1580 2568 1659 2605 sru-

136 2637 216 2670 stra
248 2631 364 2670 Fabia
393 2645 432 2682 p.
461 2633 546 2671 234
565 2645 646 2682 sqq.
681 2633 950 2672 demonstrare
984 2640 1145 2672 conatus
1179 2638 1247 2671 est.
