<?xml version="1.0" encoding="UTF-8"?>
<!DOCTYPE html PUBLIC "-//W3C//DTD XHTML 1.0 Transitional//EN"
    "http://www.w3.org/TR/xhtml1/DTD/xhtml1-transitional.dtd">
<html xmlns="http://www.w3.org/1999/xhtml" xml:lang="en" lang="en">
 <head>
  <title>
</title>
<meta http-equiv="Content-Type" content="text/html;charset=utf-8" />
  <meta name='ocr-system' content='tesseract 3.04.00' />
  <meta name='ocr-capabilities' content='ocr_page ocr_carea ocr_par ocr_line ocrx_word'/>
</head>
<body>
  <div class='ocr_page' id='page_1' title='image "./veterumhistorico02peteuoft_0328.png"; bbox 0 0 1842 3133; ppageno 0'>
   <div class='ocr_carea' id='block_1_1' title="bbox 216 122 1237 164">
    <p class='ocr_par' dir='ltr' id='par_1_1' title="bbox 216 122 1237 164">
     <span class='ocr_line' id='line_1_1' title="bbox 216 122 1237 164; baseline -0.008 0"><span class='ocrx_word' id='word_1_1' title='bbox 216 124 296 164; x_wconf 73' lang='grc'>106</span> <span class='ocrx_word' id='word_1_2' title='bbox 699 122 734 157; x_wconf 85' lang='lat' dir='ltr'>C.</span> <span class='ocrx_word' id='word_1_3' title='bbox 757 122 961 157; x_wconf 83' lang='lat' dir='ltr'>LICINIVS</span> <span class='ocrx_word' id='word_1_4' title='bbox 988 122 1237 157; x_wconf 83' lang='lat' dir='ltr'>MVCIANVS</span> 
     </span>
    </p>
   </div>
   <div class='ocr_carea' id='block_1_2' title="bbox 210 231 1795 2058">
    <p class='ocr_par' dir='ltr' id='par_1_2' title="bbox 210 231 1794 1072">
     <span class='ocr_line' id='line_1_2' title="bbox 333 231 1740 286; baseline 0 -13"><span class='ocrx_word' id='word_1_5' title='bbox 333 231 408 274; x_wconf 79' lang='lat'><strong>24.</strong></span> <span class='ocrx_word' id='word_1_6' title='bbox 446 237 545 273; x_wconf 71' lang='lat' dir='ltr'>l’lin.</span> <span class='ocrx_word' id='word_1_7' title='bbox 573 248 609 274; x_wconf 76' lang='lat' dir='ltr'>n.</span> <span class='ocrx_word' id='word_1_8' title='bbox 637 236 673 273; x_wconf 74' lang='lat' dir='ltr'>le.</span> <span class='ocrx_word' id='word_1_9' title='bbox 702 235 812 273; x_wconf 76' lang='lat' dir='ltr'>Xl&#39;I</span> <span class='ocrx_word' id='word_1_10' title='bbox 835 235 919 273; x_wconf 75' lang='lat'>213</span> <span class='ocrx_word' id='word_1_11' title='bbox 949 234 1114 273; x_wconf 82' lang='lat' dir='ltr'>Maxime</span> <span class='ocrx_word' id='word_1_12' title='bbox 1143 240 1341 273; x_wconf 75' lang='lat' dir='ltr'><strong>aeternam</strong></span> <span class='ocrx_word' id='word_1_13' title='bbox 1369 240 1507 286; x_wconf 89' lang='lat' dir='ltr'>putant</span> <span class='ocrx_word' id='word_1_14' title='bbox 1532 235 1740 286; x_wconf 81' lang='lat' dir='ltr'>hebenum,</span> 
     </span>
     <span class='ocr_line' id='line_1_3' title="bbox 214 299 1740 351; baseline -0.001 -12"><span class='ocrx_word' id='word_1_15' title='bbox 214 307 247 339; x_wconf 83' lang='lat' dir='ltr'>ct</span> <span class='ocrx_word' id='word_1_16' title='bbox 284 313 515 351; x_wconf 71' lang='lat' dir='ltr'>cupressum</span> <span class='ocrx_word' id='word_1_17' title='bbox 550 299 802 351; x_wconf 73' lang='lat' dir='ltr'><strong>cedrumque,</strong></span> <span class='ocrx_word' id='word_1_18' title='bbox 845 300 950 338; x_wconf 87' lang='lat' dir='ltr'>claro</span> <span class='ocrx_word' id='word_1_19' title='bbox 993 299 1038 338; x_wconf 90' lang='lat' dir='ltr'>de</span> <span class='ocrx_word' id='word_1_20' title='bbox 1082 300 1264 339; x_wconf 87' lang='lat' dir='ltr'>omnihus</span> <span class='ocrx_word' id='word_1_21' title='bbox 1306 302 1481 339; x_wconf 84' lang='lat' dir='ltr'>materiis</span> <span class='ocrx_word' id='word_1_22' title='bbox 1517 300 1661 339; x_wconf 89' lang='lat' dir='ltr'>iudicio</span> <span class='ocrx_word' id='word_1_23' title='bbox 1701 303 1740 339; x_wconf 95' lang='lat' dir='ltr'>in</span> 
     </span>
     <span class='ocr_line' id='line_1_4' title="bbox 211 365 1740 417; baseline 0.001 -13"><span class='ocrx_word' id='word_1_24' title='bbox 211 366 354 417; x_wconf 74' lang='lat' dir='ltr'>templo</span> <span class='ocrx_word' id='word_1_25' title='bbox 401 366 592 416; x_wconf 73' lang='lat' dir='ltr'>Ephesiae</span> <span class='ocrx_word' id='word_1_26' title='bbox 637 365 794 415; x_wconf 72' lang='lat' dir='ltr'>Dianae,</span> <span class='ocrx_word' id='word_1_27' title='bbox 839 371 972 416; x_wconf 81' lang='lat' dir='ltr'>utpote.</span> <span class='ocrx_word' id='word_1_28' title='bbox 1019 378 1107 404; x_wconf 86' lang='lat' dir='ltr'>cum</span> <span class='ocrx_word' id='word_1_29' title='bbox 1154 370 1230 404; x_wconf 84' lang='lat' dir='ltr'>tota</span> <span class='ocrx_word' id='word_1_30' title='bbox 1273 366 1361 405; x_wconf 86' lang='lat' dir='ltr'>Asia</span> <span class='ocrx_word' id='word_1_31' title='bbox 1404 371 1609 405; x_wconf 76' lang='lat' dir='ltr'>extruente</span> <span class='ocrx_word' id='word_1_32' title='bbox 1651 375 1740 405; x_wconf 81' lang='lat' dir='ltr'>CXX</span> 
     </span>
     <span class='ocr_line' id='line_1_5' title="bbox 211 431 1739 482; baseline 0.001 -13"><span class='ocrx_word' id='word_1_33' title='bbox 211 433 322 469; x_wconf 86' lang='lat' dir='ltr'>annis</span> <span class='ocrx_word' id='word_1_34' title='bbox 357 437 557 482; x_wconf 64' lang='lat' dir='ltr'>peramum</span> <span class='ocrx_word' id='word_1_35' title='bbox 592 433 652 469; x_wconf 90' lang='lat' dir='ltr'>sit.</span> <span class='ocrx_word' id='word_1_36' title='bbox 717 433 903 470; x_wconf 80' lang='lat' dir='ltr'>conuenit</span> <span class='ocrx_word' id='word_1_37' title='bbox 937 437 1082 469; x_wconf 83' lang='lat' dir='ltr'>tectum</span> <span class='ocrx_word' id='word_1_38' title='bbox 1117 432 1200 470; x_wconf 89' lang='lat' dir='ltr'>eius</span> <span class='ocrx_word' id='word_1_39' title='bbox 1242 444 1327 470; x_wconf 80' lang='lat' dir='ltr'>esse</span> <span class='ocrx_word' id='word_1_40' title='bbox 1362 445 1381 470; x_wconf 89' lang='lat' dir='ltr'>e</span> <span class='ocrx_word' id='word_1_41' title='bbox 1415 432 1587 471; x_wconf 78' lang='lat' dir='ltr'>cedrinis</span> <span class='ocrx_word' id='word_1_42' title='bbox 1622 431 1739 470; x_wconf 88' lang='lat' dir='ltr'>trabi-</span> 
     </span>
     <span class='ocr_line' id='line_1_6' title="bbox 211 496 1776 548; baseline 0.001 -14"><span class='ocrx_word' id='word_1_43' title='bbox 211 497 294 535; x_wconf 89' lang='lat' dir='ltr'>hus.</span> <span class='ocrx_word' id='word_1_44' title='bbox 360 496 405 535; x_wconf 89' lang='lat' dir='ltr'>de</span> <span class='ocrx_word' id='word_1_45' title='bbox 447 496 655 535; x_wconf 79' lang='lat' dir='ltr'>sinuilacro</span> <span class='ocrx_word' id='word_1_46' title='bbox 696 498 780 548; x_wconf 88' lang='lat' dir='ltr'>ipso</span> <span class='ocrx_word' id='word_1_47' title='bbox 822 496 915 535; x_wconf 91' lang='lat' dir='ltr'>deae</span> <span class='ocrx_word' id='word_1_48' title='bbox 948 496 1170 547; x_wconf 76' lang='lat' dir='ltr'>ambigitur.</span> <span class='ocrx_word' id='word_1_49' title='bbox 1234 499 1355 536; x_wconf 88' lang='lat' dir='ltr'>ceteri</span> <span class='ocrx_word' id='word_1_50' title='bbox 1390 511 1434 536; x_wconf 87' lang='lat' dir='ltr'>ex</span> <span class='ocrx_word' id='word_1_51' title='bbox 1468 497 1620 536; x_wconf 78' lang='lat' dir='ltr'>hebeno</span> <span class='ocrx_word' id='word_1_52' title='bbox 1654 510 1739 536; x_wconf 86' lang='lat' dir='ltr'>esse</span> <span class='ocrx_word' id='word_1_53' title='bbox 1761 511 1776 536; x_wconf 87' lang='lat'>5</span> 
     </span>
     <span class='ocr_line' id='line_1_7' title="bbox 213 562 1739 614; baseline 0.001 -14"><span class='ocrx_word' id='word_1_54' title='bbox 213 562 380 611; x_wconf 81' lang='lat' dir='ltr'>tradunt,</span> <span class='ocrx_word' id='word_1_55' title='bbox 414 562 617 600; x_wconf 72' lang='lat' dir='ltr'>Mucianus</span> <span class='ocrx_word' id='word_1_56' title='bbox 652 567 711 600; x_wconf 88' lang='lat' dir='ltr'>ter</span> <span class='ocrx_word' id='word_1_57' title='bbox 745 575 821 601; x_wconf 85' lang='lat' dir='ltr'>cos.</span> <span class='ocrx_word' id='word_1_58' title='bbox 856 574 900 601; x_wconf 85' lang='lat' dir='ltr'>ex</span> <span class='ocrx_word' id='word_1_59' title='bbox 928 563 976 600; x_wconf 86' lang='lat' dir='ltr'>iis</span> <span class='ocrx_word' id='word_1_60' title='bbox 1010 564 1077 613; x_wconf 91' lang='lat' dir='ltr'>qui</span> <span class='ocrx_word' id='word_1_61' title='bbox 1110 564 1287 613; x_wconf 76' lang='lat' dir='ltr'>proxime</span> <span class='ocrx_word' id='word_1_62' title='bbox 1317 564 1397 601; x_wconf 86' lang='lat' dir='ltr'>viso</span> <span class='ocrx_word' id='word_1_63' title='bbox 1425 564 1622 614; x_wconf 74' lang='lat' dir='ltr'>scripsere</span> <span class='ocrx_word' id='word_1_64' title='bbox 1650 564 1739 602; x_wconf 87' lang='lat' dir='ltr'>uiti-</span> 
     </span>
     <span class='ocr_line' id='line_1_8' title="bbox 210 628 1741 680; baseline 0.001 -15"><span class='ocrx_word' id='word_1_65' title='bbox 210 629 369 678; x_wconf 79' lang='lat' dir='ltr'>giueum</span> <span class='ocrx_word' id='word_1_66' title='bbox 415 634 448 666; x_wconf 84' lang='lat' dir='ltr'>et</span> <span class='ocrx_word' id='word_1_67' title='bbox 501 640 714 678; x_wconf 80' lang='lat' dir='ltr'>numquam</span> <span class='ocrx_word' id='word_1_68' title='bbox 762 633 953 666; x_wconf 83' lang='lat' dir='ltr'>mutatum</span> <span class='ocrx_word' id='word_1_69' title='bbox 1005 630 1149 679; x_wconf 78' lang='lat' dir='ltr'>septies</span> <span class='ocrx_word' id='word_1_70' title='bbox 1195 630 1376 667; x_wconf 87' lang='lat' dir='ltr'>restituto</span> <span class='ocrx_word' id='word_1_71' title='bbox 1429 628 1590 680; x_wconf 75' lang='lat' dir='ltr'>templo,</span> <span class='ocrx_word' id='word_1_72' title='bbox 1640 629 1741 667; x_wconf 85' lang='lat' dir='ltr'>hane</span> 
     </span>
     <span class='ocr_line' id='line_1_9' title="bbox 211 693 1740 745; baseline 0 -14"><span class='ocrx_word' id='word_1_73' title='bbox 211 695 413 731; x_wconf 85' lang='lat' dir='ltr'>materiam</span> <span class='ocrx_word' id='word_1_74' title='bbox 444 693 609 743; x_wconf 74' lang='lat' dir='ltr'>elegisse</span> <span class='ocrx_word' id='word_1_75' title='bbox 638 693 835 744; x_wconf 78' lang='lat' dir='ltr'>Endoeou,</span> <span class='ocrx_word' id='word_1_76' title='bbox 863 695 979 732; x_wconf 88' lang='lat' dir='ltr'>etiam</span> <span class='ocrx_word' id='word_1_77' title='bbox 1008 706 1149 732; x_wconf 88' lang='lat' dir='ltr'>nomeu</span> <span class='ocrx_word' id='word_1_78' title='bbox 1177 694 1339 732; x_wconf 79' lang='lat' dir='ltr'>artificis</span> <span class='ocrx_word' id='word_1_79' title='bbox 1366 706 1610 745; x_wconf 81' lang='lat' dir='ltr'>nuncupans,</span> <span class='ocrx_word' id='word_1_80' title='bbox 1638 694 1740 745; x_wconf 89' lang='lat' dir='ltr'>quod</span> 
     </span>
     <span class='ocr_line' id='line_1_10' title="bbox 211 758 1740 811; baseline 0.001 -15"><span class='ocrx_word' id='word_1_81' title='bbox 211 758 393 809; x_wconf 79' lang='lat' dir='ltr'>equidem</span> <span class='ocrx_word' id='word_1_82' title='bbox 439 760 578 809; x_wconf 75' lang='lat' dir='ltr'>miror,</span> <span class='ocrx_word' id='word_1_83' title='bbox 623 772 711 797; x_wconf 89' lang='lat' dir='ltr'>cum</span> <span class='ocrx_word' id='word_1_84' title='bbox 758 761 1019 811; x_wconf 72' lang='lat' dir='ltr'>antiquiorem</span> <span class='ocrx_word' id='word_1_85' title='bbox 1062 759 1238 798; x_wconf 89' lang='lat' dir='ltr'>Minerua</span> <span class='ocrx_word' id='word_1_86' title='bbox 1284 772 1458 811; x_wconf 73' lang='lat' dir='ltr'>quoque,</span> <span class='ocrx_word' id='word_1_87' title='bbox 1504 772 1581 798; x_wconf 90' lang='lat' dir='ltr'>non</span> <span class='ocrx_word' id='word_1_88' title='bbox 1626 759 1740 798; x_wconf 88' lang='lat' dir='ltr'>modo</span> 
     </span>
     <span class='ocr_line' id='line_1_11' title="bbox 215 824 1794 875; baseline 0.001 -14"><span class='ocrx_word' id='word_1_89' title='bbox 215 824 352 863; x_wconf 81' lang='lat' dir='ltr'>Lihero</span> <span class='ocrx_word' id='word_1_90' title='bbox 395 830 524 875; x_wconf 75' lang='lat' dir='ltr'>patre,</span> <span class='ocrx_word' id='word_1_91' title='bbox 565 829 802 863; x_wconf 84' lang='lat' dir='ltr'>uetustatem</span> <span class='ocrx_word' id='word_1_92' title='bbox 847 827 882 864; x_wconf 91' lang='lat' dir='ltr'>ei</span> <span class='ocrx_word' id='word_1_93' title='bbox 927 825 1082 864; x_wconf 86' lang='lat' dir='ltr'>tribuat.</span> <span class='ocrx_word' id='word_1_94' title='bbox 1147 825 1260 863; x_wconf 82' lang='lat' dir='ltr'>adicit</span> <span class='ocrx_word' id='word_1_95' title='bbox 1306 825 1439 864; x_wconf 85' lang='lat' dir='ltr'>multis</span> <span class='ocrx_word' id='word_1_96' title='bbox 1482 825 1740 864; x_wconf 76' lang='lat' dir='ltr'>foraminibus</span> <span class='ocrx_word' id='word_1_97' title='bbox 1763 838 1794 863; x_wconf 84' lang='grc' dir='ltr'>ιο</span> 
     </span>
     <span class='ocr_line' id='line_1_12' title="bbox 212 889 1741 943; baseline 0.001 -16"><span class='ocrx_word' id='word_1_98' title='bbox 212 889 332 928; x_wconf 83' lang='lat' dir='ltr'>nardo</span> <span class='ocrx_word' id='word_1_99' title='bbox 367 891 503 940; x_wconf 66' lang='lat' dir='ltr'>rigari,</span> <span class='ocrx_word' id='word_1_100' title='bbox 543 896 580 929; x_wconf 89' lang='grc'>111</span> <span class='ocrx_word' id='word_1_101' title='bbox 625 890 841 929; x_wconf 85' lang='lat' dir='ltr'>medicatus</span> <span class='ocrx_word' id='word_1_102' title='bbox 881 903 994 929; x_wconf 82' lang='lat' dir='ltr'>umor</span> <span class='ocrx_word' id='word_1_103' title='bbox 1033 891 1109 929; x_wconf 83' lang='lat' dir='ltr'>alat</span> <span class='ocrx_word' id='word_1_104' title='bbox 1141 896 1350 942; x_wconf 86' lang='lat' dir='ltr'>teneatque</span> <span class='ocrx_word' id='word_1_105' title='bbox 1385 889 1605 943; x_wconf 43' lang='lat' dir='ltr'>iuncturas}</span> <span class='ocrx_word' id='word_1_106' title='bbox 1645 903 1741 942; x_wconf 90' lang='lat' dir='ltr'>quas</span> 
     </span>
     <span class='ocr_line' id='line_1_13' title="bbox 212 956 1743 1008; baseline 0 -15"><span class='ocrx_word' id='word_1_107' title='bbox 212 961 245 993; x_wconf 81' lang='lat' dir='ltr'>et</span> <span class='ocrx_word' id='word_1_108' title='bbox 283 957 386 1006; x_wconf 88' lang='lat' dir='ltr'>ipsas</span> <span class='ocrx_word' id='word_1_109' title='bbox 421 968 506 994; x_wconf 86' lang='lat' dir='ltr'>esse</span> <span class='ocrx_word' id='word_1_110' title='bbox 541 956 694 994; x_wconf 87' lang='lat' dir='ltr'>modico</span> <span class='ocrx_word' id='word_1_111' title='bbox 729 956 938 995; x_wconf 85' lang='lat' dir='ltr'>admodum</span> <span class='ocrx_word' id='word_1_112' title='bbox 972 958 1104 1007; x_wconf 82' lang='lat' dir='ltr'>miror,</span> <span class='ocrx_word' id='word_1_113' title='bbox 1141 956 1276 995; x_wconf 87' lang='lat' dir='ltr'>ualuas</span> <span class='ocrx_word' id='word_1_114' title='bbox 1310 969 1394 995; x_wconf 87' lang='lat' dir='ltr'>esse</span> <span class='ocrx_word' id='word_1_115' title='bbox 1429 970 1448 995; x_wconf 87' lang='lat' dir='ltr'>e</span> <span class='ocrx_word' id='word_1_116' title='bbox 1483 969 1669 1008; x_wconf 85' lang='lat' dir='ltr'>cupresso</span> <span class='ocrx_word' id='word_1_117' title='bbox 1704 961 1743 995; x_wconf 87' lang='lat' dir='ltr'>et</span> 
     </span>
     <span class='ocr_line' id='line_1_14' title="bbox 212 1022 1709 1072; baseline 0.001 -14"><span class='ocrx_word' id='word_1_118' title='bbox 212 1022 287 1059; x_wconf 88' lang='lat' dir='ltr'>iam</span> <span class='ocrx_word' id='word_1_119' title='bbox 323 1030 434 1060; x_wconf 84' lang='lat' dir='ltr'>CCCC</span> <span class='ocrx_word' id='word_1_120' title='bbox 468 1034 589 1072; x_wconf 86' lang='lat' dir='ltr'>prope</span> <span class='ocrx_word' id='word_1_121' title='bbox 624 1023 736 1061; x_wconf 91' lang='lat' dir='ltr'>annis</span> <span class='ocrx_word' id='word_1_122' title='bbox 771 1022 912 1060; x_wconf 88' lang='lat' dir='ltr'>durare</span> <span class='ocrx_word' id='word_1_123' title='bbox 946 1023 1149 1061; x_wconf 73' lang='lat' dir='ltr'>materiem</span> <span class='ocrx_word' id='word_1_124' title='bbox 1183 1035 1339 1061; x_wconf 87' lang='lat' dir='ltr'>omnem</span> <span class='ocrx_word' id='word_1_125' title='bbox 1372 1035 1495 1061; x_wconf 88' lang='grc'><strong>1101136</strong></span> <span class='ocrx_word' id='word_1_126' title='bbox 1530 1022 1709 1061; x_wconf 85' lang='lat' dir='ltr'>similem.</span> 
     </span>
    </p>

    <p class='ocr_par' dir='ltr' id='par_1_3' title="bbox 211 1083 1795 1401">
     <span class='ocr_line' id='line_1_15' title="bbox 323 1083 1741 1138; baseline 0.001 -13"><span class='ocrx_word' id='word_1_127' title='bbox 323 1083 409 1126; x_wconf 84' lang='lat'><strong>25.</strong></span> <span class='ocrx_word' id='word_1_128' title='bbox 445 1088 545 1126; x_wconf 74' lang='lat' dir='ltr'>Plite.</span> <span class='ocrx_word' id='word_1_129' title='bbox 567 1101 603 1125; x_wconf 77' lang='lat' dir='ltr'>n.</span> <span class='ocrx_word' id='word_1_130' title='bbox 625 1089 661 1125; x_wconf 77' lang='lat' dir='ltr'>le.</span> <span class='ocrx_word' id='word_1_131' title='bbox 684 1088 867 1126; x_wconf 68' lang='lat' dir='ltr'><em>XVIIII</em></span> <span class='ocrx_word' id='word_1_132' title='bbox 883 1088 937 1125; x_wconf 74' lang='lat'>12</span> <span class='ocrx_word' id='word_1_133' title='bbox 966 1087 1157 1126; x_wconf 80' lang='lat' dir='ltr'>Miremur</span> <span class='ocrx_word' id='word_1_134' title='bbox 1179 1088 1250 1126; x_wconf 83' lang='lat' dir='ltr'>hoc</span> <span class='ocrx_word' id='word_1_135' title='bbox 1273 1089 1498 1138; x_wconf 74' lang='lat' dir='ltr'>ignorantes</span> <span class='ocrx_word' id='word_1_136' title='bbox 1519 1089 1557 1126; x_wconf 94' lang='lat' dir='ltr'>in</span> <span class='ocrx_word' id='word_1_137' title='bbox 1579 1087 1741 1138; x_wconf 81' lang='lat' dir='ltr'>Aegypti</span> 
     </span>
     <span class='ocr_line' id='line_1_16' title="bbox 212 1152 1795 1204; baseline 0 -14"><span class='ocrx_word' id='word_1_138' title='bbox 212 1152 407 1203; x_wconf 87' lang='lat' dir='ltr'>quondam</span> <span class='ocrx_word' id='word_1_139' title='bbox 442 1154 545 1203; x_wconf 75' lang='lat' dir='ltr'>regis</span> <span class='ocrx_word' id='word_1_140' title='bbox 574 1166 689 1204; x_wconf 87' lang='lat' dir='ltr'>quem</span> <span class='ocrx_word' id='word_1_141' title='bbox 717 1153 889 1192; x_wconf 82' lang='lat' dir='ltr'>Amasim</span> <span class='ocrx_word' id='word_1_142' title='bbox 917 1158 1055 1192; x_wconf 85' lang='lat' dir='ltr'>vocant</span> <span class='ocrx_word' id='word_1_143' title='bbox 1081 1153 1239 1192; x_wconf 81' lang='lat' dir='ltr'>thorace</span> <span class='ocrx_word' id='word_1_144' title='bbox 1272 1154 1312 1192; x_wconf 92' lang='lat' dir='ltr'>in</span> <span class='ocrx_word' id='word_1_145' title='bbox 1345 1153 1587 1192; x_wconf 89' lang='lat' dir='ltr'>Rhodiorum</span> <span class='ocrx_word' id='word_1_146' title='bbox 1614 1152 1740 1191; x_wconf 88' lang='lat' dir='ltr'>insula</span> <span class='ocrx_word' id='word_1_147' title='bbox 1762 1164 1795 1190; x_wconf 84' lang='lat'>15</span> 
     </span>
     <span class='ocr_line' id='line_1_17' title="bbox 211 1217 1742 1269; baseline 0.001 -14"><span class='ocrx_word' id='word_1_148' title='bbox 211 1217 326 1256; x_wconf 90' lang='lat' dir='ltr'>Lindi</span> <span class='ocrx_word' id='word_1_149' title='bbox 359 1218 398 1256; x_wconf 89' lang='lat' dir='ltr'>in</span> <span class='ocrx_word' id='word_1_150' title='bbox 432 1218 576 1269; x_wconf 83' lang='lat' dir='ltr'>templo</span> <span class='ocrx_word' id='word_1_151' title='bbox 603 1218 804 1257; x_wconf 87' lang='lat' dir='ltr'>Mineruae</span> <span class='ocrx_word' id='word_1_152' title='bbox 834 1227 1013 1257; x_wconf 80' lang='lat' dir='ltr'>CCCLXV</span> <span class='ocrx_word' id='word_1_153' title='bbox 1042 1218 1117 1257; x_wconf 82' lang='lat' dir='ltr'>tilis</span> <span class='ocrx_word' id='word_1_154' title='bbox 1144 1219 1295 1269; x_wconf 76' lang='lat' dir='ltr'>singula</span> <span class='ocrx_word' id='word_1_155' title='bbox 1324 1218 1385 1257; x_wconf 88' lang='lat' dir='ltr'>fila</span> <span class='ocrx_word' id='word_1_156' title='bbox 1414 1223 1605 1269; x_wconf 75' lang='lat' dir='ltr'>constare7</span> <span class='ocrx_word' id='word_1_157' title='bbox 1639 1217 1742 1269; x_wconf 89' lang='lat' dir='ltr'>quod</span> 
     </span>
     <span class='ocr_line' id='line_1_18' title="bbox 212 1284 1741 1336; baseline 0 -14"><span class='ocrx_word' id='word_1_158' title='bbox 212 1296 252 1322; x_wconf 89' lang='lat' dir='ltr'>se</span> <span class='ocrx_word' id='word_1_159' title='bbox 275 1289 480 1335; x_wconf 81' lang='lat' dir='ltr'>expertum</span> <span class='ocrx_word' id='word_1_160' title='bbox 503 1285 729 1335; x_wconf 88' lang='lat' dir='ltr'>nuperrime</span> <span class='ocrx_word' id='word_1_161' title='bbox 751 1284 924 1336; x_wconf 79' lang='lat' dir='ltr'>prodidit</span> <span class='ocrx_word' id='word_1_162' title='bbox 945 1284 1147 1323; x_wconf 73' lang='lat' dir='ltr'>Mucianus</span> <span class='ocrx_word' id='word_1_163' title='bbox 1170 1290 1227 1323; x_wconf 86' lang='lat' dir='ltr'>ter</span> <span class='ocrx_word' id='word_1_164' title='bbox 1254 1284 1388 1323; x_wconf 78' lang='lat' dir='ltr'>consul</span> <span class='ocrx_word' id='word_1_165' title='bbox 1417 1296 1638 1336; x_wconf 89' lang='lat' dir='ltr'>paruasque</span> <span class='ocrx_word' id='word_1_166' title='bbox 1665 1285 1741 1323; x_wconf 89' lang='lat' dir='ltr'>iam</span> 
     </span>
     <span class='ocr_line' id='line_1_19' title="bbox 213 1348 1377 1401; baseline 0.001 -14"><span class='ocrx_word' id='word_1_167' title='bbox 213 1348 399 1401; x_wconf 88' lang='lat' dir='ltr'>reliquias</span> <span class='ocrx_word' id='word_1_168' title='bbox 433 1350 518 1388; x_wconf 89' lang='lat' dir='ltr'>eius</span> <span class='ocrx_word' id='word_1_169' title='bbox 552 1362 761 1401; x_wconf 80' lang='lat' dir='ltr'>superesse</span> <span class='ocrx_word' id='word_1_170' title='bbox 794 1350 867 1388; x_wconf 86' lang='lat' dir='ltr'>hae</span> <span class='ocrx_word' id='word_1_171' title='bbox 901 1351 1189 1401; x_wconf 85' lang='lat' dir='ltr'>experientium</span> <span class='ocrx_word' id='word_1_172' title='bbox 1222 1351 1377 1388; x_wconf 89' lang='lat' dir='ltr'>iniuria.</span> 
     </span>
    </p>

    <p class='ocr_par' dir='ltr' id='par_1_4' title="bbox 212 1411 1794 1598">
     <span class='ocr_line' id='line_1_20' title="bbox 331 1411 1741 1466; baseline 0 -13"><span class='ocrx_word' id='word_1_173' title='bbox 331 1411 408 1454; x_wconf 79' lang='lat'><strong>26.</strong></span> <span class='ocrx_word' id='word_1_174' title='bbox 444 1417 545 1454; x_wconf 73' lang='lat' dir='ltr'>le.</span> <span class='ocrx_word' id='word_1_175' title='bbox 573 1429 609 1454; x_wconf 72' lang='grc' dir='ltr'>η.</span> <span class='ocrx_word' id='word_1_176' title='bbox 636 1417 672 1454; x_wconf 72' lang='lat' dir='ltr'>le.</span> <span class='ocrx_word' id='word_1_177' title='bbox 701 1416 814 1454; x_wconf 91' lang='lat' dir='ltr'>XXI</span> <span class='ocrx_word' id='word_1_178' title='bbox 834 1416 892 1454; x_wconf 81' lang='lat'>33</span> <span class='ocrx_word' id='word_1_179' title='bbox 925 1416 1128 1455; x_wconf 74' lang='lat' dir='ltr'>Mucianus</span> <span class='ocrx_word' id='word_1_180' title='bbox 1162 1421 1298 1455; x_wconf 79' lang='lat' dir='ltr'>auctor</span> <span class='ocrx_word' id='word_1_181' title='bbox 1330 1421 1391 1454; x_wconf 87' lang='lat' dir='ltr'>est</span> <span class='ocrx_word' id='word_1_182' title='bbox 1423 1417 1462 1454; x_wconf 93' lang='grc'>111</span> <span class='ocrx_word' id='word_1_183' title='bbox 1493 1415 1608 1466; x_wconf 76' lang='lat' dir='ltr'>Lycia</span> <span class='ocrx_word' id='word_1_184' title='bbox 1641 1427 1741 1453; x_wconf 87' lang='lat' dir='ltr'>anno</span> 
     </span>
     <span class='ocr_line' id='line_1_21' title="bbox 212 1480 1794 1532; baseline -0.001 -13"><span class='ocrx_word' id='word_1_185' title='bbox 212 1486 391 1532; x_wconf 86' lang='lat' dir='ltr'>septumo</span> <span class='ocrx_word' id='word_1_186' title='bbox 440 1486 506 1519; x_wconf 87' lang='lat' dir='ltr'>aut</span> <span class='ocrx_word' id='word_1_187' title='bbox 557 1486 694 1520; x_wconf 86' lang='lat' dir='ltr'>octauo</span> <span class='ocrx_word' id='word_1_188' title='bbox 742 1480 940 1532; x_wconf 71' lang='lat' dir='ltr'>[crocum]</span> <span class='ocrx_word' id='word_1_189' title='bbox 997 1482 1204 1521; x_wconf 82' lang='lat' dir='ltr'>transferri</span> <span class='ocrx_word' id='word_1_190' title='bbox 1258 1482 1297 1520; x_wconf 92' lang='lat' dir='ltr'>in</span> <span class='ocrx_word' id='word_1_191' title='bbox 1353 1481 1480 1521; x_wconf 84' lang='lat' dir='ltr'>locum</span> <span class='ocrx_word' id='word_1_192' title='bbox 1533 1480 1739 1520; x_wconf 80' lang='lat' dir='ltr'>subactum</span> <span class='ocrx_word' id='word_1_193' title='bbox 1760 1492 1794 1517; x_wconf 83' lang='lat'>20</span> 
     </span>
     <span class='ocr_line' id='line_1_22' title="bbox 213 1546 921 1598; baseline 0.001 -14"><span class='ocrx_word' id='word_1_194' title='bbox 213 1551 327 1598; x_wconf 83' lang='lat' dir='ltr'>atque</span> <span class='ocrx_word' id='word_1_195' title='bbox 361 1547 413 1585; x_wconf 92' lang='lat' dir='ltr'>ita</span> <span class='ocrx_word' id='word_1_196' title='bbox 448 1546 692 1597; x_wconf 78' lang='lat' dir='ltr'>degenerans</span> <span class='ocrx_word' id='word_1_197' title='bbox 726 1548 921 1585; x_wconf 90' lang='lat' dir='ltr'>renouari.</span> 
     </span>
    </p>

    <p class='ocr_par' dir='ltr' id='par_1_5' title="bbox 212 1608 1745 1796">
     <span class='ocr_line' id='line_1_23' title="bbox 333 1608 1745 1663; baseline 0.001 -13"><span class='ocrx_word' id='word_1_198' title='bbox 333 1608 408 1650; x_wconf 77' lang='grc'>27.</span> <span class='ocrx_word' id='word_1_199' title='bbox 444 1613 545 1651; x_wconf 76' lang='lat' dir='ltr'>Plin.</span> <span class='ocrx_word' id='word_1_200' title='bbox 580 1625 616 1650; x_wconf 80' lang='lat' dir='ltr'>n.</span> <span class='ocrx_word' id='word_1_201' title='bbox 649 1614 685 1651; x_wconf 61' lang='lat' dir='ltr'>h..</span> <span class='ocrx_word' id='word_1_202' title='bbox 720 1613 877 1652; x_wconf 91' lang='lat' dir='ltr'><em>XXXI</em></span> <span class='ocrx_word' id='word_1_203' title='bbox 905 1614 961 1651; x_wconf 74' lang='lat'>16·</span> <span class='ocrx_word' id='word_1_204' title='bbox 1011 1612 1214 1652; x_wconf 80' lang='lat' dir='ltr'>Mucianus</span> <span class='ocrx_word' id='word_1_205' title='bbox 1261 1612 1354 1663; x_wconf 73' lang='lat' dir='ltr'>[alt]</span> <span class='ocrx_word' id='word_1_206' title='bbox 1401 1611 1523 1652; x_wconf 84' lang='lat' dir='ltr'>Andri</span> <span class='ocrx_word' id='word_1_207' title='bbox 1568 1625 1588 1651; x_wconf 89' lang='lat' dir='ltr'>e</span> <span class='ocrx_word' id='word_1_208' title='bbox 1634 1612 1745 1651; x_wconf 72' lang='lat' dir='ltr'>fonte</span> 
     </span>
     <span class='ocr_line' id='line_1_24' title="bbox 212 1677 1741 1730; baseline 0.001 -15"><span class='ocrx_word' id='word_1_209' title='bbox 212 1677 344 1716; x_wconf 90' lang='lat' dir='ltr'>Liheri</span> <span class='ocrx_word' id='word_1_210' title='bbox 391 1679 511 1728; x_wconf 85' lang='lat' dir='ltr'>patris</span> <span class='ocrx_word' id='word_1_211' title='bbox 558 1679 668 1716; x_wconf 85' lang='lat' dir='ltr'>statis</span> <span class='ocrx_word' id='word_1_212' title='bbox 713 1677 851 1717; x_wconf 89' lang='lat' dir='ltr'>diebus</span> <span class='ocrx_word' id='word_1_213' title='bbox 902 1679 1076 1730; x_wconf 79' lang='lat' dir='ltr'>septenis</span> <span class='ocrx_word' id='word_1_214' title='bbox 1119 1680 1203 1717; x_wconf 90' lang='lat' dir='ltr'>eius</span> <span class='ocrx_word' id='word_1_215' title='bbox 1246 1679 1308 1717; x_wconf 90' lang='lat' dir='ltr'>dei</span> <span class='ocrx_word' id='word_1_216' title='bbox 1353 1680 1488 1717; x_wconf 86' lang='lat' dir='ltr'>uinum</span> <span class='ocrx_word' id='word_1_217' title='bbox 1531 1678 1666 1728; x_wconf 82' lang='lat' dir='ltr'>fluere,</span> <span class='ocrx_word' id='word_1_218' title='bbox 1709 1679 1741 1716; x_wconf 88' lang='lat' dir='ltr'>si</span> 
     </span>
     <span class='ocr_line' id='line_1_25' title="bbox 212 1743 1584 1796; baseline 0 -15"><span class='ocrx_word' id='word_1_219' title='bbox 212 1743 412 1782; x_wconf 81' lang='lat' dir='ltr'>auferatur</span> <span class='ocrx_word' id='word_1_220' title='bbox 446 1756 464 1781; x_wconf 89' lang='lat' dir='ltr'>e</span> <span class='ocrx_word' id='word_1_221' title='bbox 499 1749 712 1795; x_wconf 81' lang='lat' dir='ltr'>conspectu</span> <span class='ocrx_word' id='word_1_222' title='bbox 746 1744 893 1795; x_wconf 78' lang='lat' dir='ltr'>templi,</span> <span class='ocrx_word' id='word_1_223' title='bbox 927 1756 1064 1796; x_wconf 86' lang='lat' dir='ltr'>sapore</span> <span class='ocrx_word' id='word_1_224' title='bbox 1098 1746 1138 1783; x_wconf 91' lang='lat' dir='ltr'>in</span> <span class='ocrx_word' id='word_1_225' title='bbox 1172 1757 1309 1796; x_wconf 84' lang='lat' dir='ltr'>aquam</span> <span class='ocrx_word' id='word_1_226' title='bbox 1344 1748 1584 1784; x_wconf 88' lang='lat' dir='ltr'>transeunte.</span> 
     </span>
    </p>

    <p class='ocr_par' dir='ltr' id='par_1_6' title="bbox 213 1805 1795 1927">
     <span class='ocr_line' id='line_1_26' title="bbox 333 1805 1795 1861; baseline 0.001 -14"><span class='ocrx_word' id='word_1_227' title='bbox 333 1805 409 1848; x_wconf 82' lang='grc'>28.</span> <span class='ocrx_word' id='word_1_228' title='bbox 445 1810 545 1848; x_wconf 62' lang='lat' dir='ltr'>plin.</span> <span class='ocrx_word' id='word_1_229' title='bbox 574 1822 610 1847; x_wconf 79' lang='grc' dir='ltr'>η,</span> <span class='ocrx_word' id='word_1_230' title='bbox 637 1811 673 1848; x_wconf 80' lang='lat' dir='ltr'><strong>h.</strong></span> <span class='ocrx_word' id='word_1_231' title='bbox 702 1810 857 1849; x_wconf 85' lang='lat' dir='ltr'><em>XXXI</em></span> <span class='ocrx_word' id='word_1_232' title='bbox 881 1810 936 1849; x_wconf 80' lang='lat'>19</span> <span class='ocrx_word' id='word_1_233' title='bbox 968 1810 1097 1861; x_wconf 82' lang='lat' dir='ltr'>Cyzici</span> <span class='ocrx_word' id='word_1_234' title='bbox 1131 1810 1215 1849; x_wconf 79' lang='lat' dir='ltr'>sons</span> <span class='ocrx_word' id='word_1_235' title='bbox 1249 1809 1453 1861; x_wconf 86' lang='lat' dir='ltr'>Cupidinis</span> <span class='ocrx_word' id='word_1_236' title='bbox 1486 1814 1662 1860; x_wconf 79' lang='lat' dir='ltr'>uocatur,</span> <span class='ocrx_word' id='word_1_237' title='bbox 1695 1821 1740 1848; x_wconf 89' lang='lat' dir='ltr'>ex</span> <span class='ocrx_word' id='word_1_238' title='bbox 1761 1818 1795 1843; x_wconf 78' lang='lat'>25</span> 
     </span>
     <span class='ocr_line' id='line_1_27' title="bbox 213 1875 1343 1927; baseline 0.001 -14"><span class='ocrx_word' id='word_1_239' title='bbox 213 1888 288 1926; x_wconf 87' lang='lat' dir='ltr'>quo</span> <span class='ocrx_word' id='word_1_240' title='bbox 322 1880 500 1926; x_wconf 84' lang='lat' dir='ltr'>potantes</span> <span class='ocrx_word' id='word_1_241' title='bbox 534 1887 707 1915; x_wconf 85' lang='lat' dir='ltr'>amorem</span> <span class='ocrx_word' id='word_1_242' title='bbox 742 1875 938 1927; x_wconf 82' lang='lat' dir='ltr'>deponere</span> <span class='ocrx_word' id='word_1_243' title='bbox 972 1875 1173 1915; x_wconf 84' lang='lat' dir='ltr'>Mucianus</span> <span class='ocrx_word' id='word_1_244' title='bbox 1207 1876 1343 1914; x_wconf 85' lang='lat' dir='ltr'>credit.</span> 
     </span>
    </p>

    <p class='ocr_par' dir='ltr' id='par_1_7' title="bbox 215 1937 1741 2058">
     <span class='ocr_line' id='line_1_28' title="bbox 333 1937 1741 1992; baseline 0.001 -14"><span class='ocrx_word' id='word_1_245' title='bbox 333 1937 407 1980; x_wconf 77' lang='grc'>29.</span> <span class='ocrx_word' id='word_1_246' title='bbox 444 1942 545 1979; x_wconf 76' lang='grc' dir='ltr'>Ρῖὶη.</span> <span class='ocrx_word' id='word_1_247' title='bbox 582 1954 618 1979; x_wconf 79' lang='grc' dir='ltr'>η.</span> <span class='ocrx_word' id='word_1_248' title='bbox 652 1943 688 1979; x_wconf 78' lang='lat' dir='ltr'>h.</span> <span class='ocrx_word' id='word_1_249' title='bbox 723 1942 903 1981; x_wconf 88' lang='lat' dir='ltr'><em>XXXII</em></span> <span class='ocrx_word' id='word_1_250' title='bbox 937 1942 992 1980; x_wconf 79' lang='lat'>62</span> <span class='ocrx_word' id='word_1_251' title='bbox 1043 1941 1147 1980; x_wconf 84' lang='lat' dir='ltr'>Haec</span> <span class='ocrx_word' id='word_1_252' title='bbox 1198 1943 1272 1980; x_wconf 86' lang='grc'><strong>51111</strong></span> <span class='ocrx_word' id='word_1_253' title='bbox 1328 1941 1428 1980; x_wconf 83' lang='lat' dir='ltr'>dicta</span> <span class='ocrx_word' id='word_1_254' title='bbox 1481 1941 1527 1979; x_wconf 90' lang='lat' dir='ltr'>de</span> <span class='ocrx_word' id='word_1_255' title='bbox 1578 1952 1741 1992; x_wconf 86' lang='lat' dir='ltr'>corpore</span> 
     </span>
     <span class='ocr_line' id='line_1_29' title="bbox 215 2006 1739 2058; baseline -0.001 -13"><span class='ocrx_word' id='word_1_256' title='bbox 215 2006 493 2058; x_wconf 74' lang='lat' dir='ltr'>[ostreorum]3</span> <span class='ocrx_word' id='word_1_257' title='bbox 529 2006 703 2045; x_wconf 78' lang='lat' dir='ltr'>dicemus</span> <span class='ocrx_word' id='word_1_258' title='bbox 737 2012 776 2044; x_wconf 89' lang='lat' dir='ltr'>et</span> <span class='ocrx_word' id='word_1_259' title='bbox 809 2006 854 2044; x_wconf 89' lang='lat' dir='ltr'>de</span> <span class='ocrx_word' id='word_1_260' title='bbox 889 2006 1131 2057; x_wconf 75' lang='lat' dir='ltr'>nationibus,</span> <span class='ocrx_word' id='word_1_261' title='bbox 1170 2019 1218 2045; x_wconf 90' lang='grc'>116</span> <span class='ocrx_word' id='word_1_262' title='bbox 1253 2006 1484 2045; x_wconf 76' lang='lat' dir='ltr'>fraudentur</span> <span class='ocrx_word' id='word_1_263' title='bbox 1516 2006 1638 2055; x_wconf 83' lang='lat' dir='ltr'>gloria</span> <span class='ocrx_word' id='word_1_264' title='bbox 1672 2018 1739 2044; x_wconf 84' lang='lat' dir='ltr'>sua</span> 
     </span>
    </p>
   </div>
   <div class='ocr_carea' id='block_1_3' title="bbox 332 2109 1740 2240">
    <p class='ocr_par' dir='ltr' id='par_1_8' title="bbox 332 2109 1740 2240">
     <span class='ocr_line' id='line_1_30' title="bbox 332 2109 805 2151; baseline 0.002 -9"><span class='ocrx_word' id='word_1_265' title='bbox 332 2109 396 2144; x_wconf 72' lang='lat'><strong>25.</strong></span> <span class='ocrx_word' id='word_1_266' title='bbox 426 2109 482 2151; x_wconf 82' lang='lat' dir='ltr'>Cf,</span> <span class='ocrx_word' id='word_1_267' title='bbox 502 2109 638 2143; x_wconf 74' lang='lat' dir='ltr'>Herod.</span> <span class='ocrx_word' id='word_1_268' title='bbox 661 2110 731 2144; x_wconf 88' lang='lat' dir='ltr'>II]</span> <span class='ocrx_word' id='word_1_269' title='bbox 749 2112 805 2143; x_wconf 62' lang='lat'>47.</span> 
     </span>
     <span class='ocr_line' id='line_1_31' title="bbox 333 2156 1484 2202; baseline 0 -12"><span class='ocrx_word' id='word_1_270' title='bbox 333 2156 395 2191; x_wconf 80' lang='lat'><strong>27.</strong></span> <span class='ocrx_word' id='word_1_271' title='bbox 426 2157 479 2199; x_wconf 51' lang='lat' dir='ltr'>(ff.</span> <span class='ocrx_word' id='word_1_272' title='bbox 501 2158 548 2199; x_wconf 81' lang='lat' dir='ltr'>fr.</span> <span class='ocrx_word' id='word_1_273' title='bbox 571 2161 600 2191; x_wconf 89' lang='lat'>1.</span> <span class='ocrx_word' id='word_1_274' title='bbox 642 2158 807 2191; x_wconf 68' lang='lat' dir='ltr'>Pansam.</span> <span class='ocrx_word' id='word_1_275' title='bbox 832 2157 888 2191; x_wconf 94' lang='lat' dir='ltr'>VI</span> <span class='ocrx_word' id='word_1_276' title='bbox 903 2159 964 2197; x_wconf 76' lang='lat'>26,</span> <span class='ocrx_word' id='word_1_277' title='bbox 984 2160 1017 2190; x_wconf 72' lang='lat'>2.</span> <span class='ocrx_word' id='word_1_278' title='bbox 1058 2157 1227 2192; x_wconf 38' lang='lat' dir='ltr'>thizostr.</span> <span class='ocrx_word' id='word_1_279' title='bbox 1252 2158 1357 2202; x_wconf 64' lang='grc'><strong>17111619,</strong></span> <span class='ocrx_word' id='word_1_280' title='bbox 1380 2159 1404 2191; x_wconf 82' lang='grc' dir='ltr'><em>Ι</em></span> <span class='ocrx_word' id='word_1_281' title='bbox 1426 2160 1484 2191; x_wconf 73' lang='grc'>25.</span> 
     </span>
     <span class='ocr_line' id='line_1_32' title="bbox 333 2204 1740 2240; baseline -0.001 -2"><span class='ocrx_word' id='word_1_282' title='bbox 333 2204 397 2239; x_wconf 73' lang='lat'><strong>229.</strong></span> <span class='ocrx_word' id='word_1_283' title='bbox 426 2204 488 2238; x_wconf 82' lang='lat' dir='ltr'>sed</span> <span class='ocrx_word' id='word_1_284' title='bbox 511 2226 553 2229; x_wconf 84' lang='lat'>—</span> <span class='ocrx_word' id='word_1_285' title='bbox 576 2205 632 2237; x_wconf 78' lang='lat' dir='ltr'>est</span> <span class='ocrx_word' id='word_1_286' title='bbox 655 2205 779 2239; x_wconf 65' lang='lat' dir='ltr'>Plinio</span> <span class='ocrx_word' id='word_1_287' title='bbox 806 2205 935 2239; x_wconf 60' lang='lat' dir='ltr'>tranat</span> <span class='ocrx_word' id='word_1_288' title='bbox 956 2205 1134 2239; x_wconf 71' lang='lat' dir='ltr'>Harrlzlin</span> <span class='ocrx_word' id='word_1_289' title='bbox 1159 2205 1221 2238; x_wconf 89' lang='lat' dir='ltr'>sed</span> <span class='ocrx_word' id='word_1_290' title='bbox 1244 2227 1285 2230; x_wconf 81' lang='lat'>—-</span> <span class='ocrx_word' id='word_1_291' title='bbox 1309 2206 1432 2238; x_wconf 61' lang='lat' dir='ltr'>essent.</span> <span class='ocrx_word' id='word_1_292' title='bbox 1454 2205 1633 2240; x_wconf 59' lang='lat' dir='ltr'>Muciano</span> <span class='ocrx_word' id='word_1_293' title='bbox 1653 2205 1740 2239; x_wconf 71' lang='lat' dir='ltr'>Jan.</span> 
     </span>
    </p>
   </div>
   <div class='ocr_carea' id='block_1_4' title="bbox 214 2305 1742 2835">
    <p class='ocr_par' dir='ltr' id='par_1_9' title="bbox 214 2305 1742 2527">
     <span class='ocr_line' id='line_1_33' title="bbox 332 2305 1742 2362; baseline 0 -14"><span class='ocrx_word' id='word_1_294' title='bbox 332 2305 406 2362; x_wconf 77' lang='lat'>24,</span> <span class='ocrx_word' id='word_1_295' title='bbox 443 2312 478 2348; x_wconf 82' lang='lat'><strong>3.</strong></span> <span class='ocrx_word' id='word_1_296' title='bbox 513 2323 616 2348; x_wconf 66' lang='lat' dir='ltr'>cecc</span> <span class='ocrx_word' id='word_1_297' title='bbox 645 2314 731 2348; x_wconf 67' lang='lat' dir='ltr'>mm</span> <span class='ocrx_word' id='word_1_298' title='bbox 751 2311 873 2357; x_wconf 61' lang='lat' dir='ltr'>Stlltss.</span> <span class='ocrx_word' id='word_1_299' title='bbox 898 2311 998 2357; x_wconf 63' lang='lat' dir='ltr'>aalys.</span> <span class='ocrx_word' id='word_1_300' title='bbox 1033 2313 1078 2359; x_wconf 80' lang='lat' dir='ltr'>cf.</span> <span class='ocrx_word' id='word_1_301' title='bbox 1103 2313 1169 2358; x_wconf 74' lang='lat'>36,</span> <span class='ocrx_word' id='word_1_302' title='bbox 1193 2312 1246 2349; x_wconf 78' lang='lat'>95</span> <span class='ocrx_word' id='word_1_303' title='bbox 1346 2313 1382 2348; x_wconf 82' lang='grc'>8.</span> <span class='ocrx_word' id='word_1_304' title='bbox 1417 2311 1606 2349; x_wconf 81' lang='lat' dir='ltr'>Endoeon·</span> <span class='ocrx_word' id='word_1_305' title='bbox 1630 2311 1742 2357; x_wconf 53' lang='lat' dir='ltr'>Setllzssq</span> 
     </span>
     <span class='ocr_line' id='line_1_34' title="bbox 214 2371 1652 2409; baseline 0.001 -4"><span class='ocrx_word' id='word_1_306' title='bbox 214 2371 377 2408; x_wconf 74' lang='lat' dir='ltr'>eandem</span> <span class='ocrx_word' id='word_1_307' title='bbox 409 2384 480 2408; x_wconf 79' lang='lat' dir='ltr'>con</span> <span class='ocrx_word' id='word_1_308' title='bbox 508 2372 597 2409; x_wconf 64' lang='lat' dir='ltr'>libri</span> <span class='ocrx_word' id='word_1_309' title='bbox 721 2372 756 2408; x_wconf 74' lang='lat' dir='ltr'><strong>O.</strong></span> <span class='ocrx_word' id='word_1_310' title='bbox 790 2372 968 2408; x_wconf 71' lang='lat' dir='ltr'>minema</span> <span class='ocrx_word' id='word_1_311' title='bbox 994 2371 1072 2408; x_wconf 81' lang='lat' dir='ltr'>cod.</span> <span class='ocrx_word' id='word_1_312' title='bbox 1093 2372 1184 2408; x_wconf 79' lang='lat' dir='ltr'>Par.</span> <span class='ocrx_word' id='word_1_313' title='bbox 1218 2372 1438 2408; x_wconf 85' lang='lat' dir='ltr'>mineruam</span> <span class='ocrx_word' id='word_1_314' title='bbox 1465 2374 1541 2409; x_wconf 74' lang='lat' dir='ltr'>cett.</span> <span class='ocrx_word' id='word_1_315' title='bbox 1563 2371 1652 2407; x_wconf 75' lang='lat' dir='ltr'>libri</span> 
     </span>
     <span class='ocr_line' id='line_1_35' title="bbox 214 2425 1741 2479; baseline 0.001 -13"><span class='ocrx_word' id='word_1_316' title='bbox 214 2443 288 2466; x_wconf 83' lang='lat' dir='ltr'>non</span> <span class='ocrx_word' id='word_1_317' title='bbox 325 2444 479 2479; x_wconf 83' lang='lat' dir='ltr'>quoque</span> <span class='ocrx_word' id='word_1_318' title='bbox 505 2432 595 2468; x_wconf 68' lang='lat' dir='ltr'>libri</span> <span class='ocrx_word' id='word_1_319' title='bbox 690 2432 753 2468; x_wconf 80' lang='lat'>10.</span> <span class='ocrx_word' id='word_1_320' title='bbox 788 2431 823 2467; x_wconf 79' lang='grc'>61</span> <span class='ocrx_word' id='word_1_321' title='bbox 852 2425 954 2467; x_wconf 68' lang='lat' dir='ltr'>cht.2</span> <span class='ocrx_word' id='word_1_322' title='bbox 986 2431 1027 2467; x_wconf 87' lang='grc'>31</span> <span class='ocrx_word' id='word_1_323' title='bbox 1052 2431 1143 2467; x_wconf 72' lang='lat' dir='ltr'>Par.</span> <span class='ocrx_word' id='word_1_324' title='bbox 1178 2432 1216 2467; x_wconf 89' lang='grc'>61</span> <span class='ocrx_word' id='word_1_325' title='bbox 1242 2433 1318 2468; x_wconf 72' lang='lat' dir='ltr'>cett.</span> <span class='ocrx_word' id='word_1_326' title='bbox 1341 2431 1428 2467; x_wconf 71' lang='lat' dir='ltr'>libri</span> <span class='ocrx_word' id='word_1_327' title='bbox 1530 2432 1593 2467; x_wconf 86' lang='lat'>11.</span> <span class='ocrx_word' id='word_1_328' title='bbox 1627 2430 1741 2467; x_wconf 74' lang='lat' dir='ltr'>nardi</span> 
     </span>
     <span class='ocr_line' id='line_1_36' title="bbox 222 2485 1315 2527; baseline 0 -1"><span class='ocrx_word' id='word_1_329' title='bbox 222 2485 322 2526; x_wconf 66' lang='lat' dir='ltr'>Vnt.l</span> <span class='ocrx_word' id='word_1_330' title='bbox 338 2491 463 2527; x_wconf 70' lang='lat' dir='ltr'>Paris.</span> <span class='ocrx_word' id='word_1_331' title='bbox 579 2492 641 2527; x_wconf 78' lang='lat'>13.</span> <span class='ocrx_word' id='word_1_332' title='bbox 676 2490 816 2526; x_wconf 85' lang='lat' dir='ltr'>durare</span> <span class='ocrx_word' id='word_1_333' title='bbox 842 2491 933 2527; x_wconf 78' lang='lat' dir='ltr'>Par.</span> <span class='ocrx_word' id='word_1_334' title='bbox 967 2490 1100 2527; x_wconf 82' lang='lat' dir='ltr'>durari</span> <span class='ocrx_word' id='word_1_335' title='bbox 1126 2493 1204 2527; x_wconf 66' lang='lat' dir='ltr'>cett.</span> <span class='ocrx_word' id='word_1_336' title='bbox 1226 2491 1315 2527; x_wconf 62' lang='lat' dir='ltr'>libri</span> 
     </span>
    </p>

    <p class='ocr_par' dir='ltr' id='par_1_10' title="bbox 214 2544 1741 2658">
     <span class='ocr_line' id='line_1_37' title="bbox 333 2544 1741 2599; baseline -0.001 -13"><span class='ocrx_word' id='word_1_337' title='bbox 333 2544 408 2599; x_wconf 75' lang='lat'>25,</span> <span class='ocrx_word' id='word_1_338' title='bbox 446 2551 508 2586; x_wconf 77' lang='lat'>16.</span> <span class='ocrx_word' id='word_1_339' title='bbox 543 2549 658 2586; x_wconf 85' lang='lat' dir='ltr'>Lindi</span> <span class='ocrx_word' id='word_1_340' title='bbox 684 2551 724 2587; x_wconf 87' lang='lat' dir='ltr'>in</span> <span class='ocrx_word' id='word_1_341' title='bbox 752 2550 853 2587; x_wconf 73' lang='lat' dir='ltr'>Pmt.</span> <span class='ocrx_word' id='word_1_342' title='bbox 887 2548 994 2586; x_wconf 85' lang='lat' dir='ltr'>tendi</span> <span class='ocrx_word' id='word_1_343' title='bbox 1027 2550 1117 2587; x_wconf 76' lang='lat' dir='ltr'>libri</span> <span class='ocrx_word' id='word_1_344' title='bbox 1212 2551 1275 2586; x_wconf 87' lang='grc'>17.</span> <span class='ocrx_word' id='word_1_345' title='bbox 1310 2562 1348 2587; x_wconf 84' lang='grc'><strong>56</strong></span> <span class='ocrx_word' id='word_1_346' title='bbox 1382 2551 1583 2598; x_wconf 79' lang='lat' dir='ltr'>expertum</span> <span class='ocrx_word' id='word_1_347' title='bbox 1617 2562 1741 2597; x_wconf 85' lang='lat' dir='ltr'>nuper</span> 
     </span>
     <span class='ocr_line' id='line_1_38' title="bbox 214 2606 1740 2658; baseline 0 -13"><span class='ocrx_word' id='word_1_348' title='bbox 214 2621 345 2646; x_wconf 79' lang='lat' dir='ltr'>romae</span> <span class='ocrx_word' id='word_1_349' title='bbox 363 2606 464 2646; x_wconf 72' lang='lat' dir='ltr'>Vat.²</span> <span class='ocrx_word' id='word_1_350' title='bbox 478 2621 517 2646; x_wconf 84' lang='lat' dir='ltr'>se</span> <span class='ocrx_word' id='word_1_351' title='bbox 535 2609 757 2658; x_wconf 85' lang='lat' dir='ltr'>nuperrime</span> <span class='ocrx_word' id='word_1_352' title='bbox 777 2622 860 2657; x_wconf 80' lang='lat' dir='ltr'>exp.</span> <span class='ocrx_word' id='word_1_353' title='bbox 875 2609 966 2646; x_wconf 76' lang='lat' dir='ltr'>Par.</span> <span class='ocrx_word' id='word_1_354' title='bbox 983 2622 1021 2646; x_wconf 70' lang='lat' dir='ltr'>so</span> <span class='ocrx_word' id='word_1_355' title='bbox 1040 2609 1259 2658; x_wconf 80' lang='lat' dir='ltr'>exemplum</span> <span class='ocrx_word' id='word_1_356' title='bbox 1278 2622 1401 2657; x_wconf 86' lang='lat' dir='ltr'>nuper</span> <span class='ocrx_word' id='word_1_357' title='bbox 1418 2620 1549 2646; x_wconf 81' lang='lat' dir='ltr'>romae</span> <span class='ocrx_word' id='word_1_358' title='bbox 1564 2608 1740 2646; x_wconf 61' lang='lat' dir='ltr'>cetfflibri</span> 
     </span>
    </p>

    <p class='ocr_par' dir='ltr' id='par_1_11' title="bbox 214 2663 1740 2776">
     <span class='ocr_line' id='line_1_39' title="bbox 335 2663 1740 2716; baseline -0.001 -11"><span class='ocrx_word' id='word_1_359' title='bbox 335 2663 412 2715; x_wconf 72' lang='lat'>27,</span> <span class='ocrx_word' id='word_1_360' title='bbox 449 2670 512 2706; x_wconf 81' lang='lat'><strong>23.</strong></span> <span class='ocrx_word' id='word_1_361' title='bbox 546 2670 661 2706; x_wconf 78' lang='lat' dir='ltr'>statis</span> <span class='ocrx_word' id='word_1_362' title='bbox 688 2669 779 2706; x_wconf 77' lang='lat' dir='ltr'>Par.</span> <span class='ocrx_word' id='word_1_363' title='bbox 804 2669 903 2715; x_wconf 68' lang='lat' dir='ltr'>emly.</span> <span class='ocrx_word' id='word_1_364' title='bbox 933 2668 1041 2705; x_wconf 74' lang='lat' dir='ltr'>sestis</span> <span class='ocrx_word' id='word_1_365' title='bbox 1068 2670 1162 2706; x_wconf 73' lang='lat' dir='ltr'>coni.</span> <span class='ocrx_word' id='word_1_366' title='bbox 1184 2670 1369 2716; x_wconf 72' lang='lat' dir='ltr'>Illayleoff</span> <span class='ocrx_word' id='word_1_367' title='bbox 1455 2669 1537 2705; x_wconf 84' lang='grc'><strong>61115</strong></span> <span class='ocrx_word' id='word_1_368' title='bbox 1570 2667 1632 2705; x_wconf 86' lang='lat' dir='ltr'>dei</span> <span class='ocrx_word' id='word_1_369' title='bbox 1652 2670 1740 2713; x_wconf 72' lang='lat' dir='ltr'>post·</span> 
     </span>
     <span class='ocr_line' id='line_1_40' title="bbox 214 2727 1548 2776; baseline 0.001 -12"><span class='ocrx_word' id='word_1_370' title='bbox 214 2728 353 2775; x_wconf 81' lang='lat' dir='ltr'>templi</span> <span class='ocrx_word' id='word_1_371' title='bbox 385 2728 738 2776; x_wconf 59' lang='lat' dir='ltr'>l1·c(1?.&lt;y›.‡1[(1yl20ff</span> <span class='ocrx_word' id='word_1_372' title='bbox 776 2727 857 2765; x_wconf 84' lang='lat' dir='ltr'>eius</span> <span class='ocrx_word' id='word_1_373' title='bbox 891 2727 956 2764; x_wconf 69' lang='lat' dir='ltr'>det</span> <span class='ocrx_word' id='word_1_374' title='bbox 985 2727 1088 2764; x_wconf 73' lang='lat' dir='ltr'>Voss.</span> <span class='ocrx_word' id='word_1_375' title='bbox 1122 2728 1294 2765; x_wconf 84' lang='lat' dir='ltr'>eiusdem</span> <span class='ocrx_word' id='word_1_376' title='bbox 1321 2728 1411 2764; x_wconf 77' lang='lat' dir='ltr'>Par.</span> <span class='ocrx_word' id='word_1_377' title='bbox 1438 2728 1548 2765; x_wconf 77' lang='lat' dir='ltr'>Tolel.</span> 
     </span>
    </p>

    <p class='ocr_par' dir='ltr' id='par_1_12' title="bbox 217 2788 662 2835">
     <span class='ocr_line' id='line_1_41' title="bbox 217 2788 662 2835; baseline 0 -12"><span class='ocrx_word' id='word_1_378' title='bbox 217 2789 281 2823; x_wconf 69' lang='lat'><strong>2-1.</strong></span> <span class='ocrx_word' id='word_1_379' title='bbox 316 2799 419 2835; x_wconf 82' lang='lat' dir='ltr'>aqua</span> <span class='ocrx_word' id='word_1_380' title='bbox 447 2788 549 2823; x_wconf 73' lang='lat' dir='ltr'>Voss.</span> <span class='ocrx_word' id='word_1_381' title='bbox 577 2788 662 2823; x_wconf 81' lang='lat' dir='ltr'>Par.</span> 
     </span>
    </p>
   </div>
  </div>
 </body>
</html>
