1842 3133
69 1339 106 1370 t'r.
123 1347 130 1354 ·
147 1366 151 1371 .

212 105 295 146 130
547 104 756 138 SEPTIMH
782 103 897 138 VITA
926 103 1210 138 ALEXANDRI
1239 104 1410 140 SEVERI

209 222 419 265 adfectans,
454 223 567 272 eique
602 223 822 260 nuntiatum
857 227 958 260 esset
996 234 1038 259 ac.
1072 223 1203 260 statim
1231 221 1449 273 probatum,
1478 222 1524 261 ad
1552 222 1741 261 Palatium

209 300 296 325 cum
339 289 487 337 rogauit
519 286 791 336 [Alexander]
829 288 942 337 eique
984 288 1129 337 gratias
1164 289 1258 337 egit,
1299 287 1401 338 quod
1435 300 1569 326 curam
1604 289 1661 326 rei
1694 300 1742 339 p.,

208 366 306 404 quae
343 352 616 391 recusantibus
650 352 764 390 bonis
799 354 1067 403 inponeretur,
1102 357 1239 403 sponte
1274 354 1486 405 reciperet3
1521 352 1661 391 deinde
1696 352 1741 391 ad

208 424 386 457 senatum
427 419 618 469 processit
661 424 695 456 61
739 419 943 456 timentem
984 430 1027 456 ac
1066 423 1195 456 tantae
1232 419 1497 456 conscientiae
1530 417 1617 456 tabe
1651 430 1741 456 con-

209 486 352 522 sectum
393 485 624 534 participem
664 485 820 534 imperii
860 482 1082 534 appellauit,
1117 485 1155 521 in
1188 483 1379 522 Palatium
1414 485 1574 535 recepit,
1607 485 1741 522 conui-
1762 492 1776 516 ι’»

208 551 271 587 1110
312 549 501 600 adhibuit,
534 551 776 587 ornamentis
816 548 1086 599 imperialibus
1133 554 1171 586 et
1216 548 1463 599 melioribus,
1503 561 1618 600 quam
1657 550 1741 600 ipse

209 614 408 665 utebatur,
442 614 595 652 adfecit.
654 620 693 652 et
729 627 816 652 cum
852 613 1049 665 expeditio
1082 613 1287 652 barbarica
1321 620 1425 653 65561.
1457 615 1646 665 nuntiata,
1678 614 1742 652 uel

208 683 336 731 ipsum
371 683 403 719 si
436 680 555 719 uellet.
588 682 644 718 ire
678 680 742 718 uel
775 686 814 718 ut
851 692 985 718 secum
1019 679 1348 730 proficisceretur,
1377 680 1554 718 hortatus
1588 685 1658 717 est.
1705 685 1743 718 et

209 759 297 785 cum
343 748 425 797 ipse
472 746 593 797 pedes
635 747 711 784 iter
750 746 913 795 faceret,
954 744 1063 783 11111111
1102 746 1288 783 inuitauit
1321 744 1368 783 ad
1400 744 1592 795 laborem,
1625 757 1742 796 quem

208 818 291 863 post
333 813 507 864 quinque
547 811 653 850 milia
693 816 943 849 cunctantem
983 823 1083 861 equo
1117 810 1255 849 sedere
1289 812 1420 861 iussit,
1454 822 1622 861 cumque
1655 815 1744 861 post

209 878 304 916 duas
338 879 561 916 mansiones
595 889 693 928 equo
728 878 844 915 6113111
879 877 1063 927 fatigatus
1097 881 1213 925 esset,
1241 882 1426 927 carpento
1453 876 1637 927 inposuit,
1670 876 1742 914 hoc

208 956 363 994 quoque
386 939 466 982 'seu
502 944 641 982 timore
677 955 745 981 seu
778 955 874 981 uere
909 947 1180 993 respuentem,
1215 941 1459 980 abdicantem
1494 942 1588 992 quin
1626 942 1742 980 etiam

208 1010 418 1060 imperium
452 1014 489 1047 et
524 1010 623 1046 mori
655 1013 834 1059 paratum
875 1007 1023 1046 dimisit
1057 1007 1452 1058 commendatumque
1486 1005 1689 1057 militibus,
1723 1019 1742 1044 a

209 1074 352 1126 quibus
379 1073 599 1112 Alexander
631 1075 746 1112 unice
781 1073 995 1123 amabatur,
1029 1078 1156 1111 111111111
1191 1072 1238 1110 ad
1270 1072 1385 1111 uillas
1419 1084 1509 1110 suas
1542 1073 1598 1110 ire
1632 1084 1742 1123 prae-

209 1141 323 1191 cepit,
351 1141 389 1178 in
418 1139 561 1190 quibus
594 1139 658 1178 diu
691 1141 800 1177 uixit.
847 1138 915 1177 sed
948 1144 1037 1189 post
1069 1139 1178 1176 iussu
1212 1139 1462 1189 imperatoris
1490 1138 1644 1176 06615115
1672 1143 1742 1188 est,

209 1205 313 1256 quod
347 1211 380 1244 et
418 1205 481 1243 ille
509 1205 691 1243 militaris
719 1211 822 1243 esset
852 1204 907 1254 [et
936 1217 954 1242 a
983 1203 1175 1242 militibus
1203 1205 1357 1242 occisus
1385 1202 1518 1252 65561].
1549 1204 1630 1241 5610
1658 1202 1743 1241 uul-

209 1284 300 1321 gum
334 1271 433 1309 hanc
467 1283 562 1320 rem,
595 1283 711 1321 quam
746 1271 941 1320 contexui,
974 1269 1131 1307 Traiani
1166 1274 1304 1320 putare
1333 1292 1398 1306 —.
1445 1273 1579 1306 contra
1613 1274 1742 1306 autem

211 1342 244 1374 et
281 1336 496 1387 Septimius
537 1342 575 1374 et
613 1336 796 1374 Acholius
837 1341 874 1374 et
908 1334 1119 1385 Encolpius
1156 1335 1357 1385 ceterique
1390 1335 1494 1372 uitae
1528 1334 1743 1384 scriptores

210 1402 256 1440 de
290 1402 362 1440 1106
396 1401 485 1440 talia
519 1401 862 1452 praedicauerunt.

396 1591 679 1639 SEPTIMH
719 1591 873 1637 VITA
912 1588 1289 1636 ALEXANDRI
1329 1588 1559 1636 SEVERI

331 1714 404 1758 1²³⁶.
452 1718 612 1767 Lampr.
640 1717 754 1755 Alex.
782 1717 849 1764 17,
877 1716 902 1754 2
948 1714 1065 1754 Addit
1100 1714 1314 1766 Septimius
1355 1713 1567 1764 [Encolpio
1602 1713 1657 1762 fr.
1685 1712 1742 1763 1],

210 1785 276 1834 qui
315 1785 436 1821 uitam
476 1784 561 1821 eius
599 1794 678 1820 non
717 1781 970 1820 mediocriter
1010 1785 1250 1831 exsequutus
1290 1784 1365 1829 est,
1408 1779 1505 1817 tanti
1551 1778 1743 1817 stomachi

211 1850 330 1887 fuisse
357 1847 621 1887 Alexandrum
653 1849 693 1886 in
726 1859 793 1886 eos
827 1846 990 1897 iudices,
1023 1847 1090 1897 qui
1124 1845 1319 1884 furtorum
1353 1845 1453 1882 fama
1486 1843 1742 1894 laborassent,

210 1916 362 1952 etiamsi
398 1913 568 1952 damuati
601 1925 678 1951 non
712 1918 855 1962 essent,
887 1917 942 1962 ut,
975 1912 1007 1949 si
1041 1923 1108 1949 eos
1142 1923 1233 1949 casu
1267 1910 1396 1961 aliquo
1429 1908 1603 1958 uideret,
1637 1921 1740 1947 60111-

210 1982 381 2018 motione
409 1980 529 2018 animi
557 1978 747 2017 stomachi
774 1977 970 2016 choleram
996 1981 1199 2015 euomeret
1224 1980 1302 2014 toto
1323 1974 1435 2013 uultu
1456 1973 1741 2024 inardescente,

211 2048 260 2083 ita
295 2052 334 2083 ut
370 2044 466 2082 nibil
500 2044 606 2094 loqui
638 2049 782 2094 posset.
835 2055 923 2081 nam
957 2055 1045 2081 611111
1080 2041 1239 2092 quidam
1272 2040 1485 2091 Septimius
1512 2038 1739 2090 Arabianus,
1763 2060 1774 2078 ·.

211 2112 381 2149 t'amosus
416 2111 581 2147 crimine
616 2109 808 2147 furtorum
844 2113 881 2147 et
913 2107 985 2146 sul)
1019 2105 1267 2157 Heliogabalo
1299 2107 1376 2143 iam
1409 2104 1610 2155 liberatus,
1639 2106 1742 2142 inter

330 2245 366 2278 4.
394 2242 481 2278 labe
511 2240 694 2278 Oberdick·
771 2242 805 2277 9.
835 2239 882 2276 ad
916 2239 1047 2277 horem
1075 2234 1133 2275 Ρ1
1218 2239 1281 2274 11.
1316 2237 1412 2274 duos
1439 2231 1495 2273 Pl
1585 2236 1648 2273 13.
1676 2236 1738 2272 de-

210 2303 317 2339 misit
338 2302 374 2338 Ρ
453 2302 516 2337 16.
540 2303 576 2337 et
598 2313 620 2337 a
641 2299 834 2337 militibus
856 2299 1005 2336 occisus
1027 2300 1086 2336 651
1105 2298 1215 2335 uncis
1235 2298 1374 2333 inclusi
1395 2295 1615 2342 amabatur,
1636 2295 1740 2344 quod

211 2365 247 2398 61
275 2362 340 2397 ille
369 2361 447 2397 mil.
471 2363 584 2407 esset,
603 2362 735 2397 tutum
758 2381 811 2383 —
835 2358 946 2395 uixit.
981 2357 1046 2395 561]
1065 2359 1161 2408 post
1188 2357 1342 2393 1111115511
1362 2352 1471 2406 [cum.
1486 2350 1625 2405 δαίτῃ]
1646 2356 1738 2403 imp.

211 2434 231 2458 a
255 2420 445 2457 militibus
467 2421 616 2456 occisus
644 2422 703 2456 est:
722 2418 892 2463 Illctcluiq
919 2417 983 2454 sod
1010 2420 1148 2466 postea
1174 2429 1262 2453 cum
1289 2415 1504 2464 imperator
1529 2416 1562 2452 is
1590 2415 1739 2451 occisus

211 2485 284 2526 est,
331 2480 434 2528 quod
478 2481 513 2516 ei
558 2479 624 2515 ille
656 2475 922 2527 <fa>miliaris
968 2479 1086 2524 65561,
1125 2489 1147 2513 a
1186 2475 1266 2512 mil.
1301 2488 1332 2512 o.
1367 2477 1425 2511 651
1456 2473 1596 2511 Nomia
1627 2473 1740 2520 Lisly

215 2540 311 2576 1845)
341 2552 382 2586 p.
407 2541 460 2576 10
562 2538 625 2575 18.
658 2538 765 2574 uitae
798 2537 1006 2585 scriptores
1033 2537 1072 2573 in
1100 2535 1137 2572 P
1160 2538 1248 2572 ante
1277 2534 1472 2582 ceterique
1505 2534 1738 2580 transposui,

211 2600 285 2635 ›elsi
318 2599 471 2635 ommino
504 2597 706 2635 detructum
740 2600 791 2634 est

333 2652 373 2707 l,
410 2658 474 2694 20.
509 2656 747 2705 nptiminus
775 2656 811 2693 Ρ
840 2650 1090 2707 (septiminus
1120 2653 1279 2704 Bamb.)
1446 2652 1511 2688 22.
1546 2651 1737 2688 sertorum

210 2718 246 2753 Ρ
262 2729 297 2753 ιι.
319 2729 412 2753 corr,
509 2718 573 2753 24.
601 2716 730 2752 colera
750 2711 802 2751 Ρ1
901 2714 1027 2751 uultui
1048 2726 1125 2750 non
1146 2712 1227 2749 ard.
1248 2708 1303 2749 Ρ1
1404 2711 1469 2748 25.
1497 2710 1684 2748 arabinus
1709 2710 1742 2745 P

211 2775 420 2813 arabianus
454 2788 474 2817 ς

1763 820 1796 845 10

1764 1147 1796 1171 15

1763 1727 1796 1752 20
