1842 3133
568 98 609 132 A.
632 95 907 157 CREMV'rIVS
934 94 1121 131 CORDVS
1505 108 1616 138 exul

91 212 249 250 omnino
301 223 387 250 esse
437 211 633 249 incertum
680 208 856 260 uidetur,
900 209 1015 247 etiam
1060 207 1180 247 multo
1231 208 1352 258 magis
1395 220 1510 258 quam
1548 207 1615 245 Ed.

95 277 347 328 Selmartzio,
381 278 448 327 qui
481 275 611 314 Herm.
646 274 784 312 XXXII
819 287 854 325 p.
883 271 968 313 602
1002 286 1057 324 sq.
1093 273 1190 311 hanc
1230 274 1494 311 coniecturam
1530 285 1616 323 pro-

93 342 189 381 tulit.
235 342 503 393 Epitomarum
536 342 766 379 uarietatem
800 341 838 377 in
873 338 1091 378 subsidium
1120 338 1316 377 Soltauius
1341 339 1509 389 uocauit,
1543 351 1617 389 quo

93 407 202 458 plura
230 420 275 445 ex
303 406 519 445 Fenestella
554 410 748 457 repeteret
771 401 812 458 (l.
832 418 860 443 s.
881 417 910 443 s.
930 418 973 453 p.
997 400 1180 458 lisam),
1214 409 1319 442 certa
1347 409 1475 442 tamen
1504 416 1618 441 rausa

93 473 227 510 caruit.
262 471 386 510 Nonio
410 473 481 510 tria
503 472 718 522 fragmenta
741 465 1618 523 debemus(1.2.?l)‚l³1·‹›111i110‚Suetonios),

93 537 264 588 leiano,
298 538 512 576 Censorino
525 533 570 591 2),
603 531 901 589 ’1’θι·ῐι111ἰ31103),
935 535 1145 585 Lactantio,
1179 534 1385 585 illam-obit)⁷
1419 534 1619 573 Prisciano

93 602 256 654 singula,
290 602 467 641 Diomedi
498 603 675 641 notitiam
710 596 1020 654 epitomaruni.4)
1085 600 1248 637 Ioannes
1283 598 1411 650 Lydus
1451 605 1618 650 utroque

93 668 187 719 loro,
221 681 296 719 quo
331 669 415 706 eius
448 668 638 717 meminit,
672 679 734 705 res
768 667 943 717 miscuit3
978 678 1054 703 uno
1082 666 1186 703 enim
1215 677 1255 703 se
1283 677 1328 702 ex
1365 665 1474 703 lunio
1503 664 1619 703 Grac—

94 734 217 772 chano
251 734 465 784 sumpsisse
499 732 667 784 simulat⁷
695 744 792 783 quae
819 744 864 770 ex
892 730 1052 782 leiano
1088 729 1253 768 deducta
1280 735 1371 768 sunt
1397 731 1498 776 (uid.
1527 732 1620 768 adn.

94 801 150 838 ad
176 799 231 848 fr.
264 800 322 847 4),
361 798 481 837 altero
516 798 586 848 (fr.
620 797 666 845 8)
707 803 744 836 et
783 796 1043 835 Fenestellam
1084 801 1121 834 et
1154 795 1360 834 Sisennam
1395 809 1412 833 a
1446 795 1620 833 Varrone

94 866 133 902 in
179 877 292 903 usum
338 869 496 903 uocatos
542 876 628 902 esse
669 863 773 901 dicit.
836 862 947 913 Apud
992 861 1087 900 alios
1130 862 1343 911 scriptores
1389 866 1494 899 certa
1537 863 1622 899 eius

94 943 190 968 usus
231 929 374 968 indicia
417 930 561 968 frustra
604 929 871 980 quaesiuimus
913 940 1039 978 neque
1082 926 1123 965 E.
1166 926 1329 965 Maassio
1372 927 1622 976 assenssnmr,

95 996 161 1046 qui
194 1008 428 1046 anonymum
462 994 608 1033 codicis
634 993 947 1032 Vindobonensis
981 1006 1049 1031 sua
1083 1005 1127 1030 ex
1156 991 1373 1030 Fenestella
1407 993 1623 1042 sumpsisse

95 1062 248 1099 censuit
281 1062 382 1108 (uid.
415 1061 592 1100 Bursian
620 1061 851 1099 Jaleresber.
878 1059 1013 1097 XVII
1041 1058 1194 1106 (1879)
1219 1071 1262 1107 p.
1292 1057 1409 1105 191).

469 1286 523 1332 A.
564 1285 927 1332 CREMVTIVS
967 1284 1207 1331 CORDVS
1221 1281 1254 1338 ⁵)

218 1393 323 1439 Quae
359 1393 404 1432 de
438 1393 553 1432 huius
585 1394 666 1432 uita
699 1393 935 1443 accepimus,
969 1405 1058 1431 eum
1092 1404 1208 1430 causa
1241 1393 1370 1430 onmia
1403 1391 1625 1443 cohaerent,

98 1472 173 1510 qua
211 1460 356 1510 petitus
388 1464 554 1497 mortem
588 1458 662 1497 sihi
695 1459 899 1497 consciuit.
948 1457 1040 1496 hine
1078 1470 1179 1496 anno
1220 1458 1300 1496 fere
1339 1454 1496 1509 35s719
1537 1470 1625 1496 eum

98 1530 231 1564 natum
283 1537 368 1563 esse
410 1524 685 1575 intellegimus,
731 1525 820 1574 quia
862 1529 944 1562 tum
979 1518 1175 1577 (25f778)
1212 1520 1258 1561 ἐν
1292 1521 1451 1569 πύλαις
1483 1523 1627 1575 γήρως

99 1596 183 1629 erat
209 1591 305 1637 (Dio
334 1591 400 1639 57,
428 1591 515 1641 24),
550 1595 848 1640 senatoremque
883 1589 1015 1639 fuisse,
1050 1590 1138 1639 quia
1172 1588 1274 1639 apud
1308 1594 1486 1627 senatum
1514 1601 1626 1627 accu-

99 1662 205 1695 satus
239 1661 308 1694 est.
343 1667 470 1706 neque
503 1660 632 1694 tamen
666 1668 851 1706 umquam
878 1656 919 1693 in
946 1655 1067 1693 uitam
1096 1654 1293 1705 publicam
1320 1655 1524 1705 processit,
1559 1654 1627 1692 sed

101 1722 222 1759 otium
255 1722 294 1759 in
323 1721 449 1759 studia
482 1722 682 1759 insumere
714 1720 851 1759 maluit
878 1726 992 1771 atque
1019 1725 1062 1758 ut
1100 1721 1217 1758 etiam
1250 1725 1411 1771 propter
1443 1719 1626 1770 eloquen-

100 1787 192 1825 tiam
234 1786 324 1824 libri
367 1786 620 1825 laudarentur
661 1787 793 1825 effecit
835 1787 1010 1833 (Seneca
1049 1787 1105 1823 ad
1142 1786 1273 1824 Marc.
1308 1786 1345 1833 1,
1383 1786 1422 1823 3.
1461 1785 1529 1833 24,
1568 1785 1627 1833 2),

101 1853 213 1890 euius
254 1852 349 1891 artis
383 1851 569 1903 reliquias
610 1851 797 1903 quasdam
838 1851 985 1890 Seneca
1026 1857 1137 1902 pater
1177 1852 1247 1901 (fr.
1282 1852 1319 1890 l.
1353 1852 1399 1899 2)
1441 1852 1627 1890 seruauit.

100 1930 228 1968 neque
266 1929 361 1956 uero
395 1917 526 1955 Seiani
563 1918 778 1968 potentiam
812 1922 1056 1956 crescentem
1090 1917 1193 1955 ferre
1226 1918 1353 1968 potuit
1385 1923 1433 1968 et,
1468 1929 1555 1955 eum
1587 1917 1627 1954 in

222 2021 253 2063 1)
281 2018 422 2053 Gellius
448 2018 504 2064 (fr.
530 2022 586 2063 17)
612 2019 844 2054 Fenestellae
871 2031 1005 2054 nomen
1031 2030 1075 2053 ex
1102 2019 1262 2054 Asconio
1289 2019 1456 2064 sumpsit.

220 2075 254 2117 2)
281 2073 450 2107 Fortasse
472 2084 515 2107 ex
536 2073 723 2116 Suetonio,
745 2072 1011 2107 Reifferscheid
1031 2085 1066 2117 p.
1082 2077 1161 2116 434,
1195 2072 1365 2107 Glaesser
1391 2074 1448 2108 Dc
1476 2073 1628 2108 Varron.

102 2127 211 2161 doctr.
233 2138 291 2170 ap.
314 2127 551 2162 Plutarchum
577 2128 739 2172 uestiyiz's
764 2139 798 2171 p.
822 2130 887 2161 193
904 2138 982 2170 sqq.

221 2181 255 2224 3)
282 2179 389 2221 Quod
414 2180 474 2213 hic
494 2180 742 2214 Fenestellam
763 2180 954 2214 annalium
981 2182 1379 2214 commentatorem
1408 2179 1510 2223 citat,
1538 2190 1629 2214 caue

102 2233 172 2267 hoe
199 2233 244 2266 de
270 2233 471 2278 interprete
499 2233 639 2267 dietum
660 2245 739 2268 esse
766 2234 977 2277 existumes,
1005 2235 1060 2268 est
1085 2233 1185 2268 idem
1212 2234 1312 2277 quod
1332 2233 1522 2267 annalium
1544 2232 1630 2267 seri-

102 2288 199 2331 ptor;
231 2286 275 2320 ef.
298 2287 342 2320 de
370 2298 479 2321 earne
505 2286 643 2321 Christi
670 2299 698 2321 c.
720 2291 780 2322 22:
810 2288 1038 2331 Matthaeus,
1065 2288 1296 2330 fidelissimus
1327 2288 1510 2332 czacmgyelii
1539 2298 1629 2321 com-

103 2344 289 2375 otzentator.

222 2395 257 2437 4)
284 2393 394 2438 Apud
427 2394 585 2428 eundem
611 2394 828 2429 Diomedem
854 2407 888 2439 p.
913 2398 991 2437 381,
1014 2399 1056 2428 22
1084 2394 1167 2428 Keil
1200 2394 1295 2428 hanc
1322 2394 1543 2439 scripturam
1571 2404 1631 2428 ex-

103 2445 243 2481 hibuit:
278 2447 311 2480 V
310 2459 393 2482 arro
420 2448 468 2482 (ια’
496 2448 695 2482 Ciceronem
722 2449 764 2482 dc
790 2448 993 2483 Fenestella
1025 2449 1278 2492 quiritatum·
1308 2447 1631 2490 Fenestellamque

104 2499 143 2532 in
175 2499 298 2533 indice
331 2502 523 2535 auctorum
548 2500 673 2546 posuit
705 2503 751 2546 (p.
780 2505 872 2545 569).
918 2503 1017 2535 reete
1049 2503 1175 2535 tamen
1207 2500 1387 2535 Mercklin
1423 2500 1555 2535 Philol.
1582 2500 1631 2534 ΙΠ

105 2565 140 2597 p.
164 2558 227 2587 151
259 2553 315 2588 ‘de
339 2554 523 2596 fenestella
549 2555 762 2598 quiritatur'
792 2554 960 2589 defendit
979 2553 1191 2598 recepitque
1219 2566 1261 2588 ea
1283 2554 1397 2588 uerba
1417 2553 1513 2588 inter
1533 2554 1631 2598 frag-

105 2608 232 2641 menta
257 2606 434 2641 Varronis
462 2607 506 2641 de
538 2607 667 2652 lingua
699 2608 819 2642 latina
845 2609 885 2642 A.
908 2607 1117 2641 Wilmanns
1144 2608 1202 2642 Dc
1228 2608 1332 2642 Varr.
1355 2608 1457 2642 libris
1481 2619 1630 2653 [Jramm.

105 2672 139 2704 p.
163 2664 239 2694 170.

226 2718 259 2752 ὀμ
285 2713 316 2747 J.
338 2713 433 2747 Held
463 2714 718 2749 Commentatio
744 2716 785 2749 dc
811 2716 889 2749 uita
915 2716 1127 2758 scriptisque
1148 2715 1192 2749 A.
1217 2715 1272 2749 Or.
1297 2714 1332 2749 C.
1360 2714 1485 2759 Progr.
1507 2726 1630 2758 gymn.

108 2766 271 2800 Suidnic.
296 2771 396 2801 1841.
432 2767 467 2801 C.
491 2767 646 2802 Rathlef
668 2768 725 2802 De
746 2768 790 2802 A.
815 2768 871 2803 Cr.
896 2768 931 2802 O.
954 2769 1203 2802 commentatio
1230 2767 1324 2801 Diss.
1347 2767 1499 2811 Dorpat.
1530 2771 1619 2802 1860

179 2839 257 2863 Hist.
278 2839 362 2864 Rom.
383 2839 434 2864 rel.
454 2840 501 2872 Π,
522 2839 566 2864 ed.
587 2839 706 2864 Peter.
1266 2827 1348 2860 VIII
