1842 3133
94 1466 158 1496 192

91 1526 158 1556 <³45

202 115 279 155 124
788 114 854 148 MA
862 114 925 148 ΗΠ
956 114 1133 149 MAXIMI

195 226 267 264 hoc
300 226 520 278 exemplum
555 230 631 264 est:
656 248 707 252 >—
731 226 828 264 Hinc
865 231 991 265 autem
1027 232 1183 278 apparet
1214 227 1437 266 Faustinam
1472 228 1544 266 ista
1581 227 1723 277 [rebel-

192 295 337 331 lionem
365 291 523 341 Avidis]
559 292 745 342 nescisse,
779 304 867 330 cum
904 291 1007 330 dicat
1038 291 1195 344 Marius,
1229 292 1410 331 infamari
1438 304 1523 331 eam
1550 293 1725 344 cupiens,

193 356 297 408 quod
330 369 374 396 ea
407 358 563 395 conscia
597 356 756 395 Cassius
789 357 999 408 imperium
1034 359 1278 409 sumpsisset.

315 418 388 463 13.
428 431 489 460 Ex
517 431 655 461 LIBRO
684 432 715 460 ΙΙ
755 423 880 472 Capit.
909 423 1040 462 Marc.
1069 423 1136 472 25,
1164 422 1191 461 8
1236 423 1390 474 Ignouit
1435 423 1639 474 [Marcus]
1687 429 1725 462 et

193 488 438 537 ciuitatibus,
478 500 576 539 quae
617 487 751 527 Cassio
791 492 1090 539 consenserant,
1130 489 1282 539 ignouit
1315 493 1353 527 et
1382 488 1724 540 Antiochensibus,

191 555 257 604 qui
297 553 418 592 multa
458 555 497 592 in
537 553 711 592 Marcum
750 566 820 605 pro
861 553 994 593 Cassio
1028 553 1223 605 dixerant,
1256 554 1399 605 quibus
1431 559 1469 593 et
1502 553 1722 606 spectacula

191 624 225 657 et
261 625 481 658 conuentus
516 619 694 671 publicos
729 618 870 658 tulerat
904 624 939 657 et
968 620 1144 658 omnium
1171 621 1398 659 contionum
1426 632 1562 670 genus,
1589 624 1723 658 contra

190 698 287 736 quos
327 684 498 723 edictum
532 686 813 736 grauissimum
846 686 964 723 misit.
1020 684 1228 724 seditiosos
1261 690 1390 724 autem
1430 698 1496 724 eos
1530 690 1567 724 et
1599 687 1723 724 oratio

190 750 307 789 Marci
341 750 500 802 indicat,
529 750 651 789 indita
678 750 798 789 Mario
827 750 1005 802 Maximo,
1033 763 1107 802 qua
1136 750 1199 789 ille
1226 764 1322 790 usus
1349 756 1409 790 est
1435 750 1536 802 apud
1566 752 1722 790 amieos.

308 826 370 854 DE
398 826 507 855 VITA
537 825 754 856 COMMODI

311 878 418 922 14²³.
459 883 666 932 Lamprisl.
700 883 842 921 Comm.
872 883 938 931 13,
968 883 990 921 I
1037 883 1127 921 Fuit
1170 887 1299 921 autem
1344 881 1498 921 ualidus
1540 882 1586 921 ad
1626 882 1722 921 haec

189 947 460 997 [qlcaediatorm
488 948 751 999 Commodus],
780 948 873 987 alias
903 947 1041 987 debilis
1070 953 1106 987 et
1134 949 1325 999 infirmus,
1351 949 1448 987 uitio
1476 949 1592 987 etiam
1619 949 1723 987 inter

187 1013 347 1064 inguina
388 1014 645 1065 prominenti,
684 1016 737 1052 ita
772 1019 815 1052 ut
854 1015 938 1053 eius
980 1020 1173 1053 tumorem
1206 1026 1278 1065 per
1310 1015 1457 1053 sericas
1488 1020 1622 1053 uestes
1654 1026 1721 1065 po-

188 1078 304 1130 pulus
342 1078 541 1118 Romanus
580 1085 820 1130 agnosceret.
872 1092 1013 1119 uersus
1058 1079 1146 1118 ideo
1191 1079 1305 1119 multi
1349 1081 1487 1131 scripti
1526 1085 1635 1130 sunt,
1675 1079 1720 1118 de

189 1144 332 1196 quibus
366 1146 482 1183 etiam
516 1146 555 1183 in
590 1157 708 1196 opere
743 1158 813 1184 suo
847 1145 991 1184 Marius
1025 1145 1217 1184 Maximus
1250 1145 1450 1197 gloriatur.

310 1206 416 1250 15²³&
466 1211 623 1260 Lampr.
663 1211 804 1250 Comm.
840 1211 912 1260 15,
940 1212 966 1249 4
1019 1210 1161 1249 Habuit
1204 1210 1476 1261 [Commodus]
1518 1217 1720 1262 praeterea

188 1288 349 1327 morem,
394 1281 437 1315 ut
481 1277 609 1314 omnia
655 1289 754 1328 quae
799 1277 980 1328 tulpiter,
1019 1289 1117 1328 quae
1157 1278 1315 1328 inpure,
1355 1289 1453 1328 quae
1496 1276 1721 1328 crudeliter,

189 1354 286 1392 quae
332 1341 577 1393 gladiatorie,
624 1354 722 1393 quae
762 1342 916 1381 lenonie
957 1343 1120 1392 tacelet,
1161 1343 1257 1381 actis
1293 1342 1404 1415 urhis
1439 1341 1521 1381 indi
1555 1342 1720 1393 iuberet,

185 1413 226 1445 ut
261 1407 373 1446 Ma1ii
406 1407 563 1446 Maximi
597 1409 744 1459 sclipta
778 1413 983 1447 testantur

309 1469 417 1513 16³⁶.
451 1473 878 1523 Lampr.C0mm.18,
908 1475 929 1512 I
965 1473 1277 1512 A:d‹lamationes
1311 1478 1470 1512 senatus
1503 1478 1591 1524 post
1618 1486 1719 1512 mor-

186 1544 265 1577 tem
300 1538 503 1577 Commodi
536 1551 677 1589 graues
710 1540 880 1577 fuerunt.
933 1544 975 1577 ut
1009 1544 1136 1577 autem
1173 1541 1359 1589 sciretur,
1393 1538 1497 1590 quod
1530 1539 1719 1578 iudicium

186 1610 346 1643 senatus
387 1604 432 1643 de
473 1604 684 1643 Commodo
722 1606 856 1656 tuerit,
890 1606 995 1656 ipsas
1029 1605 1334 1644 adclamationes
1369 1604 1415 1643 de
1449 1604 1568 1643 Mario
1601 1604 1719 1643 Maxi-

186 1682 249 1709 mo
281 1669 406 1709 indidi
439 1676 477 1709 et
510 1672 746 1710 sententiam
781 1676 940 1709 senatus
973 1670 1164 1709 consulti:
1211 1668 1337 1709 ‘Hosti
1370 1671 1517 1721 patriae
1551 1670 1719 1709 honores

188 1735 459 1786 detrahantur,
502 1735 720 1787 parricidae
767 1736 935 1775 honores
977 1736 1249 1786 detrahantur,
1295 1735 1489 1787 parricida
1530 1736 1717 1774 trahatur.

187 1879 279 1911 cere,
306 1869 344 1902 et
369 1867 530 1911 fecisset,
556 1868 630 1902 nisi
656 1868 814 1903 Auidius
841 1868 989 1904 Cassius
1016 1868 1235 1903 rebellasset
1261 1868 1329 1903 sub
1356 1868 1486 1903 eodem
1511 1867 1551 1902 in
1577 1867 1717 1903 oriente

188 1921 300 1960 atque
326 1915 590 1961 imperatorem
617 1927 654 1951 se
683 1916 922 1961 appellasset,
950 1919 991 1951 ut
1017 1916 1171 1960 quidam
1195 1916 1335 1959 dicunt,
1356 1916 1537 1950 Faustina
1556 1915 1716 1960 uolente,

187 1974 283 2007 quae
316 1964 361 1998 de
394 1963 519 1998 mariti
551 1963 766 1998 ualetudine
799 1964 1023 2009 desperaret.
1074 1965 1221 1999 chsins
1247 1965 1322 1999 Dio
1348 1976 1428 1999 cum
1456 1965 1582 1999 illaria
1610 1965 1715 1999 Μαίη.

187 2012 381 2054 consenlit;
407 2012 482 2046 uid.
506 2015 561 2054 71,
580 2016 630 2046 22
643 2024 714 2056 sqq.
743 2013 806 2047 ubi
827 2013 950 2056 plura.

308 2058 370 2093 13.
400 2060 453 2102 Cf.
485 2060 581 2094 Vulc.
607 2060 702 2094 Gall.
725 2060 838 2094 Auid.
862 2064 895 2103 6,
916 2063 937 2095 6
963 2060 1195 2104 Amatusque
1225 2061 1280 2094 est
1305 2059 1497 2104 [Auidius]
1525 2059 1571 2093 ab
1600 2059 1717 2094 omni-

186 2106 256 2140 bus
289 2106 532 2141 orientalibus
566 2109 604 2141 et
636 2107 831 2152 speciatim
865 2107 911 2142 ab
946 2107 1278 2149 Antiochensibus,
1312 2106 1375 2151 qui
1408 2106 1522 2141 etiam
1561 2106 1716 2151 imperio

188 2153 266 2188 eius
293 2157 567 2197 consenserunt,
594 2156 636 2188 ut
663 2155 771 2189 docet
796 2155 966 2189 Marius
994 2155 1215 2189 Maximus
1242 2154 1285 2188 in
1312 2154 1411 2189 uita
1443 2153 1538 2188 diui
1565 2153 1715 2189 Marci.

188 2207 221 2244 9,
242 2206 261 2236 1
297 2201 557 2236 Antiochensis
596 2213 743 2246 quoque
776 2201 911 2237 Auidio
945 2201 1071 2237 Cassio
1104 2204 1384 2245 consenserant,
1419 2202 1482 2236 sed
1516 2204 1552 2236 et
1584 2201 1641 2236 his
1680 2204 1718 2237 et

188 2249 272 2283 aliis
300 2249 529 2292 ciuitatibus,
557 2261 652 2294 quae
679 2249 785 2284 illum
810 2250 994 2293 iuuerant,
1022 2250 1180 2295 ignouit,
1208 2262 1289 2284 cum
1317 2249 1435 2295 primo
1457 2249 1716 2284 Antiochensi-

186 2297 255 2331 bus
294 2297 461 2341 grauiter
492 2297 609 2332 iratus
642 2300 741 2332 esset
772 2297 903 2341 hisque
937 2297 1151 2343 spectacula
1184 2297 1396 2332 sustulisset
1428 2299 1465 2332 et
1496 2297 1615 2332 multa
1642 2296 1716 2332 alia

188 2344 355 2379 ciuitatis
382 2348 611 2388 ornamenta,
638 2356 733 2389 quae
760 2347 892 2390 postea
918 2345 1092 2380 reddidit.
1120 2357 1147 2380 c.
1172 2348 1204 2387 7,
1224 2348 1256 2380 8.

308 2392 371 2427 15.
401 2393 453 2435 Of.
476 2404 503 2427 c.
527 2396 582 2435 11,
604 2397 646 2428 11
683 2393 828 2427 Ludum
856 2404 1000 2438 semper
1025 2392 1212 2439 ingressus
1240 2395 1296 2427 est
1322 2394 1371 2435 et,
1397 2392 1568 2437 quotiens
1594 2393 1714 2438 ingre-

188 2441 349 2483 deretur,
376 2439 536 2485 publicis
563 2441 811 2475 monumentis
838 2440 918 2474 indi
944 2441 1061 2475 iussit.

307 2487 370 2522 16.
400 2489 453 2530 Cf.
478 2488 575 2523 Cass.
599 2489 673 2523 Dio
700 2492 745 2523 73
766 2491 860 2531 (74),
879 2492 915 2531 2,
938 2492 955 2522 1
994 2488 1063 2522 Καὶ
1094 2487 1209 2529 οὕτως
1230 2487 1248 2522 ὅ
1269 2501 1305 2523 τε
1327 2486 1510 2530 Πέρτιναξ
1532 2487 1714 2531 αὐτοκρά-

187 2548 256 2578 τωρ
284 2536 346 2569 καὶ
375 2535 392 2569 ὁ
421 2533 618 2579 Κόμμοδος
643 2535 816 2580 πολέμιος
842 2534 1063 2581 ἀπεδείχθη,
1097 2535 1212 2570 πολλοὶ
1239 2549 1276 2580 γε
1306 2535 1340 2576 ἐς
1368 2535 1482 2569 αὐτὸν
1516 2535 1579 2569 καὶ
1609 2534 1715 2570 δεινὰ

311 2661 386 2716 13,
422 2668 457 2703 9.
491 2668 592 2704 mari
617 2667 654 2703 P
675 2679 709 2704 α.
732 2679 759 2704 c.

309 2720 384 2775 14,
422 2727 484 2762 14.
518 2722 623 2777 ideo]
651 2726 770 2764 Klebs¹
795 2726 893 2764 Phil.
921 2739 957 2763 w.
981 2727 1063 2774 sp.
1088 2726 1172 2764 559
1191 2738 1243 2773 sq.
1271 2727 1312 2763 in
1339 2739 1383 2763 eo
1409 2726 1445 2763 P

312 2779 384 2834 16,
421 2787 485 2821 20.
519 2785 749 2834 Symmetria
787 2785 1115 2824 adclamationum
1149 2786 1276 2823 multis
1308 2786 1398 2824 locis¹
1430 2786 1584 2824 turbam
1618 2788 1680 2823 cst.

1744 836 1776 860 10

1740 1164 1772 1187 15

1741 1491 1773 1516 20
