1842 3133
186 147 421 177 CLXXXXVI
537 144 599 178 DE
629 143 934 178 SCRIPTORVM
961 144 1086 179 VITIS
1114 144 1174 178 ET
1203 144 1411 180 SCRIPTIS

303 258 428 307 Atque
461 257 640 307 prioris
673 255 832 307 quidem
871 257 1030 307 operis
1066 257 1272 307 inscriptio
1305 261 1489 307 quattuor
1522 257 1714 307 fragmen-

185 324 234 361 tis
274 336 292 359 a
333 321 530 372 Stephano
569 320 754 372 Byzantio
793 320 840 359 ad
880 320 1097 360 breuiatam
1138 322 1302 360 sormam
1336 320 1544 368 Χιλιάδος
1583 322 1716 361 relatis

185 387 254 437 (fr.
278 388 411 434 1-4)
439 386 706 437 confirmatur,
740 386 807 425 sed
842 386 945 438 quod
979 388 1146 438 spatium
1180 387 1286 426 mille
1320 399 1512 426 annorum
1542 387 1715 433 Quadra-

185 460 246 491 tus
286 453 332 491 ah
371 452 468 491 urbe
509 452 663 491 condita
701 451 929 503 complexus
969 454 1020 491 sit
1052 454 1265 504 quaeritur.
1317 465 1407 492 nam
1446 455 1479 492 si
1511 466 1635 504 usque
1669 453 1715 492 ad

184 520 294 556 initia
340 519 496 569 imperii
535 517 745 556 Alexandri
779 518 918 556 Seueri
957 513 1009 570 (a.
1044 514 1309 573 222—235),
1356 519 1419 557 hio
1463 518 1715 558 millesimum

183 583 293 622 urbis
327 596 471 622 annum
507 583 706 622 celebrare
740 585 824 622 sine
859 583 977 622 dubio
1005 596 1081 622 uon
1110 585 1318 635 omisisset,
1346 585 1459 623 cuius
1487 586 1544 623 rei
1570 586 1716 623 mentio

185 662 377 700 nusquam
411 651 508 687 facta
543 645 657 703 est.¹)
703 661 830 700 neque
864 648 959 687 illud
993 649 1065 688 sub
1098 649 1328 700 Alexandro,
1362 662 1478 701 quem
1510 663 1635 702 usque
1669 651 1716 689 ad

183 713 326 754 11248
360 716 482 754 uitam
521 714 806 766 producturum
847 727 932 753 0550
972 720 1161 766 speraret,
1205 716 1401 767 incohare,
1440 721 1522 755 tum
1555 722 1716 769 propter

184 779 365 819 acerbam
412 782 496 818 eius
543 787 709 819 mortem
750 780 821 819 sub
861 780 1053 832 Philippis
1093 781 1297 820 absoluere
1336 783 1479 832 potuit:
1519 784 1571 821 ita
1610 783 1715 821 enim

183 847 300 884 etiam
334 858 396 884 res
430 845 476 884 ab
506 845 568 884 his
595 851 725 897 gestae
753 847 790 884 ei
818 845 1099 885 describendae
1128 847 1296 886 fuerunt.
1348 847 1421 886 hoo
1447 860 1569 887 unum
1596 849 1716 899 igitur

184 910 441 962 relinquitur,
480 916 519 950 ut
562 924 793 950 censeamus
826 910 1087 963 Quadratum,
1127 925 1215 951 cum
1258 912 1329 951 sub
1368 913 1606 965 Alexandro,
1648 916 1715 965 qui

183 989 329 1015 annum
374 982 558 1028 quartum
605 976 800 1016 decimum
845 989 964 1027 agens
1009 989 1175 1028 regnum
1220 977 1383 1029 adeptus
1422 984 1522 1031 erat,
1564 979 1715 1019 fautore

183 1043 421 1093 scriptorum
462 1042 779 1094 litterarumque,
818 1042 1072 1082 millesimum
1110 1042 1221 1082 urbis
1259 1056 1404 1082 annum
1450 1057 1490 1083 se
1535 1046 1715 1084 uisurum

184 1120 271 1146 esse
298 1120 368 1159 pro
393 1113 503 1146 00110
531 1107 706 1159 haberet,
733 1107 829 1147 illud
857 1121 954 1159 opus
981 1114 1192 1160 praecepto
1219 1121 1296 1147 uno
1324 1109 1404 1148 fere
1431 1122 1532 1149 anno
1565 1112 1641 1149 iam
1669 1111 1716 1149 ad

183 1174 301 1211 tinem
340 1173 586 1224 perduxisse,
625 1179 708 1212 tum
746 1186 855 1225 uero,
896 1186 985 1212 oum
1023 1175 1100 1212 iam
1140 1175 1180 1212 in
1219 1187 1264 1213 eo
1304 1180 1418 1227 esset,
1457 1181 1500 1215 ut
1534 1175 1599 1215 ille
1633 1175 1716 1215 dies

183 1239 306 1277 festus
352 1238 638 1290 celebraretur,
689 1238 953 1278 Alexandrum
1005 1239 1132 1278 subita
1183 1246 1309 1279 morte
1354 1242 1549 1281 interisse.
1609 1244 1716 1293 atqui

184 1304 320 1342 Castor
352 1303 515 1343 Romam
549 1317 635 1343 esse
663 1317 693 1343 a.
725 1302 809 1343 764
837 1317 868 1343 a.
891 1304 979 1344 Chr.
1001 1318 1037 1343 11.
1060 1305 1256 1344 conditam
1289 1318 1375 1345 esse
1409 1312 1717 1359 eomputauerat,

185 1382 301 1421 quem
350 1369 452 1421 apud
497 1369 667 1409 Graecos
713 1371 830 1409 etiam
876 1376 957 1409 tum
999 1367 1128 1424 (uelut
1167 1370 1269 1422 apud
1307 1369 1542 1427 Eusebium)
1576 1385 1716 1424 magna

183 1436 414 1474 auctoritate
455 1435 637 1474 floruisse
677 1441 840 1486 constat,
879 1442 924 1475 ut
956 1448 1081 1475 annus
1114 1434 1199 1475 2236
1233 1450 1268 1488 p.
1298 1436 1386 1476 Chr.
1412 1437 1524 1477 urbis
1556 1438 1716 1477 millesi-

184 1513 270 1539 mus
310 1513 397 1540 esse
437 1502 494 1540 eis
533 1501 749 1540 uideretur.
801 1501 1073 1553 Philipporum
1113 1507 1241 1541 autem
1280 1504 1449 1542 maxime
1489 1505 1715 1543 interfuisse

183 1568 313 1605 onmia
356 1568 524 1618 uestigia
569 1566 656 1605 talis
702 1572 910 1619 apparatus
951 1567 1082 1606 delere
1119 1580 1191 1619 per
1229 1580 1270 1607 se
1317 1568 1455 1608 elucet.
1507 1571 1563 1607 sic
1589 1569 1716 1609 Vossii

183 1633 303 1679 (Hz‘st.
328 1645 391 1681 qr.
411 1646 455 1682 p.
478 1632 565 1671 286
591 1633 724 1681 West.)
754 1632 942 1672 dubitatio
972 1632 1018 1672 de
1047 1632 1189 1672 Suidae
1216 1635 1446 1673 auctoritate
1478 1640 1715 1674 remouetur.

302 1697 463 1748 Euagrii
507 1698 634 1737 fontes
680 1710 812 1737 rerum
857 1698 1119 1737 Romanarum
1169 1698 1448 1750 perlustrantis
1494 1712 1539 1739 eo
1590 1702 1716 1752 capite

184 1764 454 1801 testimonium
493 1763 540 1801 ad
572 1763 753 1802 Parthica
786 1764 912 1802 Asinii
947 1763 1134 1809 Quadrati
1172 1766 1345 1816 pertinet
1383 1772 1420 1804 et
1459 1778 1479 1803 a
1518 1765 1715 1817 Stephano

185 1828 366 1879 Byzantio
400 1828 533 1867 multis
566 1828 663 1867 loeis
696 1834 736 1868 et
767 1842 786 1867 a
821 1829 1037 1880 Capitolino
1071 1831 1198 1868 citata.
1249 1842 1338 1868 nam
1372 1830 1475 1882 quod
1502 1830 1715 1870 Eusebium

185 1906 247 1932 res
275 1893 322 1932 ab
350 1893 577 1945 Octauiano,
598 1894 778 1945 Traiano,
800 1894 929 1933 Marco
957 1907 1083 1946 usque
1110 1894 1157 1934 ad
1185 1894 1274 1934 Cari
1299 1901 1467 1934 mortem
1495 1895 1715 1947 deduxisse,

184 1965 265 1997 tum
307 1959 353 1998 de
393 1959 453 1998 his
491 1959 735 2011 temporibus
769 1960 961 2011 quaedam
999 1960 1046 1999 ab
1079 1961 1243 1999 Arriano
1284 1966 1322 1999 et
1353 1962 1487 2000 Asinio
1520 1961 1716 2007 Quadrato

184 2026 329 2076 scripta
363 2037 449 2064 esse
483 2026 616 2076 refert,
649 2025 737 2064 illos
770 2031 813 2064 ut
845 2025 1085 2065 clarissimos
1118 2026 1352 2065 Parthorum
1385 2028 1558 2065 uictores
1591 2029 1714 2065 1101111-

184 2092 305 2141 nauit,
337 2091 545 2129 Arrianum
586 2096 716 2129 autem
755 2090 855 2129 bella
889 2104 909 2130 a
941 2091 1109 2130 Traiano
1143 2104 1231 2130 cum
1264 2091 1418 2130 Parthis
1456 2098 1563 2143 gesta
1597 2091 1715 2131 tradi-

306 2214 338 2255 1)
365 2211 400 2245 C.
430 2211 587 2245 Mueller
619 2212 674 2246 Fr.
698 2212 741 2246 H.
764 2211 804 2246 G.
827 2212 875 2246 ΠΙ
907 2224 940 2256 p.
967 2216 1033 2247 659
1073 2211 1311 2246 millesimum
1350 2212 1452 2247 urbis
1491 2223 1628 2247 annum
1668 2214 1715 2247 ab

185 2264 304 2298 initiis
325 2264 528 2299 Alexandri
548 2266 654 2310 regni
675 2268 852 2310 reputans
874 2276 971 2300 anno
994 2269 1060 2300 776
1081 2265 1210 2300 urbem
1232 2265 1421 2300 conditam
1445 2277 1524 2300 esse
1546 2267 1716 2301 Asinium

187 2317 347 2352 1101111550
387 2318 585 2362 conclusit,
625 2319 722 2353 unde
760 2321 959 2364 postquam
999 2319 1039 2353 G.
1079 2318 1175 2353 Treu
1210 2319 1362 2353 titulum
1395 2319 1630 2365 Olympicum
1657 2319 1719 2366 (H

180 2370 379 2416 Ὀλυμπικὴ
409 2372 520 2417 βουλὴ
549 2372 610 2406 καὶ
638 2372 656 2406 ὁ
684 2373 800 2417 δῆμος
825 2379 897 2407 τῶν
919 2371 1074 2407 Ἠλείων
1101 2372 1252 2418 Γ[άιον]
1274 2371 1430 2408 Ἀσίνιον
1457 2375 1716 2417 Κουαδρᾶτον,

185 2425 420 2468 ἀνθύπατον,
446 2424 590 2460 ὕπατον
616 2424 945 2471 ἀποδεδειγμένον,
971 2425 1194 2471 τειμήσαντα
1221 2426 1287 2471 τὴν
1304 2425 1505 2471 Ὀλυμπίαν
1531 2427 1595 2462 καὶ
1620 2426 1714 2474 λόγῳ

186 2479 247 2512 καὶ
288 2478 378 2525 ἔργῳ
419 2479 682 2524 l)ittenbe1·ger
708 2480 723 2513 I
751 2492 785 2523 p.
809 2484 875 2514 625
903 2493 936 2513 n.
959 2483 1043 2524 417)
1081 2480 1129 2513 ad
1168 2480 1263 2513 hunc·
1303 2480 1519 2525 scriptorem
1557 2480 1715 2523 rettulit,

187 2543 269 2565 011111
297 2543 317 2565 a
345 2535 474 2566 senatu
499 2532 691 2577 Olympico
718 2533 931 2578 populoque
952 2533 1042 2567 Eleo
1069 2535 1194 2568 statua
1221 2536 1393 2568 ornatum
1419 2545 1509 2578 esse,
1535 2534 1635 2578 quod
1663 2534 1716 2568 ‘in

187 2585 373 2628 prooemio
408 2586 452 2619 de
485 2586 579 2619 mira
612 2586 688 2629 illa,
723 2598 818 2630 quae
845 2586 943 2621 inter
975 2586 1135 2631 origines
1162 2586 1264 2621 urbis
1291 2590 1328 2622 01
1353 2587 1523 2622 ludorum
1551 2587 1717 2632 Olympi-

187 2650 311 2671 eorum
346 2638 593 2673 intercederet
624 2639 801 2684 temporis
834 2640 979 2674 ratione
1007 2640 1123 2674 uerba
1148 2641 1326 2683 feeisset’,
1354 2641 1618 2686 Dittenberger
1643 2641 1666 2675 l.
1689 2655 1715 2675 5.

187 2690 373 2736 sagaciter
406 2693 616 2736 suspicatus·
650 2695 706 2727 est
737 2704 856 2737 neque
889 2696 1015 2727 tamen
1046 2694 1138 2727 mihi
1164 2694 1360 2738 persuasit.
1406 2695 1569 2728 ceterum
1595 2705 1716 2728 rerum

187 2744 404 2788 scriptorem
427 2746 709 2789 proconsulatus
731 2749 843 2791 atque
866 2747 1080 2781 consulatus
1099 2748 1302 2782 honoribus
1328 2748 1498 2782 functum
1525 2758 1603 2782 esse
1629 2747 1715 2781 Dio-

186 2796 243 2831 nis
271 2801 307 2831 et
334 2797 442 2831 Marii
471 2798 624 2832 Maximi
653 2799 830 2844 exemplis
856 2800 935 2835 ueri
966 2800 1087 2835 simile
1113 2801 1163 2835 fit.
