1842 3133
61 1397 94 1422 10

60 1724 91 1749 15

695 88 741 121 Μ.
770 86 972 121 TVLLIVS
999 86 1112 121 TIRO
1625 87 1651 127 5

560 222 622 269 M.
657 222 846 269 TVLLI
885 221 1214 268 CICERONIS

491 329 752 368 EPISTVLA
787 329 856 366 AD
893 328 970 367 CN.
1002 328 1280 366 POMPEIVM

243 434 282 477 l.
322 438 401 476 Ce'c.
427 448 505 485 pro
540 438 653 474 Sulla
679 436 747 484 24,
775 436 832 473 (57
864 435 934 473 llic
969 440 1007 473 lu
1042 434 1248 485 epistulam
1284 447 1407 473 meam
1443 447 1559 486 saepe
1594 448 1653 473 re-

120 504 232 553 cilas,
274 514 390 552 quam
430 514 500 551 ego
540 500 586 539 ad
620 500 946 551 (ln.I¹o1npeium
988 500 1033 538 de
1073 501 1172 538 meis
1212 500 1329 538 rebus
1369 502 1490 549 gestis
1531 506 1569 539 et.
1607 500 1652 539 de

119 580 269 606 summa
310 579 351 605 re
390 566 546 617 publica
586 567 692 615 misi,
731 571 770 604 eL
808 578 854 603 ex
894 578 937 603 ea
977 566 1126 603 crimen
1166 565 1321 616 aliquod
1361 567 1399 603 in
1438 566 1476 603 P.
1505 565 1651 604 Sullam

117 633 275 683 quaeris
309 637 363 682 et,
400 633 433 669 si
467 632 639 670 furorem
672 630 946 669 incredibilem
980 630 1139 668 biennio
1174 636 1262 668 ante
1295 636 1528 681 conceptum
1563 643 1650 669 eru-

116 699 222 748 pisse
255 699 294 735 in
322 709 409 735 meo
442 696 645 734 consulatu
680 697 833 746 scripsi,
867 707 929 733 me
956 695 1029 733 1106
1057 694 1348 734 demonstrasse
1378 695 1475 733 dicis
1503 696 1650 734 Sullam

117 763 157 800 in
189 761 252 800 illa
286 763 407 801 fuisse
441 763 644 812 superiore
679 761 959 799 coniuratione.

593 969 654 1015 M.
690 968 878 1015 TVLLI
919 968 1173 1015 TIRONIS

473 1077 542 1114 DE
576 1077 705 1114 VITA
737 1077 787 1116 M.
816 1076 975 1114 TVLLI
1008 1076 1288 1114 CICERONIS

237 1178 306 1224 1³³⁴.
345 1185 437 1222 Gell.
454 1184 520 1221 II⁷
535 1183 602 1233 10,
618 1183 644 1220 5
672 1182 710 1221 C.
728 1182 871 1221 Caesar
891 1183 929 1220 in
952 1182 1168 1233 consulatu,
1190 1195 1307 1234 quem
1329 1196 1417 1221 cum
1446 1183 1491 1221 M.
1509 1183 1645 1222 Bibulo
1687 1172 1729 1201 '9

115 1250 247 1300 gessit,
273 1254 457 1300 quattuor
484 1248 585 1287 solos
614 1254 722 1287 extra
748 1248 928 1286 ordinem
956 1260 1114 1299 rogasse
1142 1250 1376 1287 sententiam
1405 1248 1559 1287 dicitur.
1600 1262 1645 1287 ex
1675 1231 1742 1261 69.)

115 1315 175 1353 his
208 1319 392 1366 quattuor
423 1315 643 1365 principem
677 1313 837 1364 rogabat
868 1313 915 1351 M.
945 1313 1147 1364 Crassuin,
1187 1313 1255 1352 sed
1286 1319 1493 1365 postquam
1528 1314 1644 1353 liliam

114 1380 180 1418 (In.
202 1379 385 1431 Pompeio
414 1379 685 1430 desponderat,
712 1380 883 1430 primum
911 1384 1095 1430 coeperat.
1120 1379 1350 1431 Pompeium
1379 1392 1527 1430 rogare.
1562 1381 1646 1419 eius

114 1446 171 1483 rei
212 1446 402 1483 rationem
444 1444 663 1483 reddidisse
706 1456 794 1483 eum
838 1446 990 1483 senatui
1029 1444 1120 1482 Tiro
1154 1444 1325 1495 Tullius,
1368 1445 1414 1483 M.
1443 1445 1644 1484 Ciceronis

111 1509 288 1561 libertus,
327 1511 447 1549 refert
484 1511 615 1561 itaque
649 1522 689 1548 se
723 1522 766 1547 ex
801 1514 964 1560 patrono
998 1523 1068 1548 suo
1103 1509 1258 1548 audisse
1293 1510 1440 1549 scribit.

232 1572 276 1616 2.
302 1576 446 1614 Ascon.
462 1579 501 1614 in
526 1576 663 1614 Milon.
675 1588 718 1625 p.
736 1576 792 1613 43
810 1576 918 1614 Is.-S.
952 1575 1005 1613 De
1027 1580 1246 1627 oppugnata
1270 1575 1382 1614 domo
1401 1575 1461 1626 [L.
1477 1576 1643 1627 Caecili]

112 1653 304 1692 nusquam
337 1640 462 1679 adhuc
496 1640 584 1691 legi.
647 1641 856 1692 Pompeius
890 1645 1036 1692 tamen,
1076 1654 1165 1680 cum
1199 1640 1429 1680 defenderet
1460 1641 1643 1680 Milonem

112 1706 214 1758 apud
244 1706 449 1758 populum,
491 1706 535 1745 de
568 1708 609 1745 ui
642 1710 850 1745 accusante
884 1706 1029 1758 Clodio,
1068 1706 1230 1755 obiecit,
1268 1712 1312 1746 ut
1343 1706 1510 1758 legimus
1543 1707 1643 1759 apud

111 1772 308 1824 Tironem,
341 1772 525 1810 libertum
553 1771 764 1823 Ciceronis,
798 1773 837 1810 in
870 1771 969 1810 libro
991 1772 1059 1810 1111
1088 1772 1133 1811 de
1168 1773 1246 1811 uita
1282 1773 1378 1823 eius,
1410 1785 1642 1824 oppressum

112 1851 136 1875 a
169 1837 301 1876 Clodio
335 1838 374 1876 L.
404 1837 614 1876 Caecilium
649 1842 881 1888 praetorem.

110 1939 307 1974 incitatum
332 1939 459 1974 multis
493 1939 695 1974 amicorum
721 1939 989 1974 monitionibus
1017 1951 1039 1974 3
1064 1940 1228 1974 facinore
1255 1940 1417 1974 noluisse
1450 1940 1642 1981 desistere,

110 1986 247 2021 mutari
278 1987 429 2021 modum
463 1987 654 2032 praecepit
687 1988 798 2031 atque
834 1987 888 2021 ita
919 1987 1076 2022 furentis
1110 1987 1274 2021 animum
1308 1987 1558 2022 adulescentis
1595 1988 1641 2021 ad

111 2036 250 2069 statum
269 2034 404 2068 mentis
424 2034 688 2079 pacatissimae
709 2034 944 2079 temperauit.
985 2035 1084 2078 quod
1105 2035 1249 2069 scilicet
1269 2035 1317 2069 M.
1339 2034 1517 2068 Tullius
1545 2046 1641 2069 com-

110 2084 292 2116 memorat
316 2081 354 2115 in
381 2092 423 2116 eo
449 2082 556 2126 libro,
587 2093 695 2126 quem
723 2082 767 2116 de
795 2081 960 2116 consiliis
987 2082 1062 2116 suis
1090 2082 1315 2127 composuit,
1343 2082 1453 2116 aliter
1478 2082 1640 2126 quidem,

111 2129 174 2163 sed
201 2129 269 2164 hoe
302 2129 428 2164 modo:
469 2129 539 2163 Sed
566 2132 608 2164 ut
640 2129 766 2174 aliqua
799 2128 1044 2164 similitudine
1071 2130 1255 2164 adductus
1288 2129 1460 2164 maximis
1487 2129 1641 2164 minima

110 2176 308 2220 conferam,
333 2177 375 2210 ut
401 2189 484 2210 cum
509 2176 693 2212 uinolenti
720 2176 977 2211 adulescentes
1006 2199 1047 2202 —
1076 2177 1325 2222 petulantiam
1352 2177 1572 2212 consedisse.

230 2224 267 2259 l.
296 2225 348 2267 Cf.
371 2225 465 2260 Suet.
490 2225 586 2260 Caes.
608 2228 654 2259 21
689 2224 762 2259 Sub
790 2224 889 2258 idem
921 2226 1068 2270 tempus
1095 2247 1137 2250 —
1166 2236 1269 2259 suam
1301 2226 1474 2271 [filiamfi
1506 2224 1639 2259 Iuliam

110 2270 172 2306 Cn.
194 2271 368 2316 Pompeio
395 2271 614 2306 conlocauit.
644 2293 686 2297 ——
715 2283 758 2306 36
786 2274 872 2317 post
902 2283 1040 2306 nouam
1067 2272 1291 2306 affinitatem
1318 2272 1534 2317 Pompeium
1565 2273 1639 2317 pri-

109 2330 210 2352 mum
234 2329 366 2363 rogare
392 2318 616 2354 sententiam
642 2319 780 2364 coepit,
815 2331 897 2354 cum
924 2319 1095 2354 Crassum
1122 2320 1258 2354 soleret
1291 2322 1461 2363 essetque
1487 2331 1639 2354 consue-

109 2366 212 2408 tudo7
233 2368 275 2400 ut
294 2377 403 2409 quem
423 2366 588 2400 ordinem
608 2367 866 2412 interrogandi
886 2367 1092 2402 sententias
1113 2367 1241 2402 consul
1262 2367 1434 2402 kalendis
1454 2367 1638 2401 Ianuariis

110 2412 346 2457 instituisset,
373 2425 456 2448 eum
480 2416 560 2449 toto
587 2425 683 2448 anno
711 2416 954 2449 eonseruaret.

232 2509 274 2564 l,
308 2515 345 2551 4.
378 2514 444 2551 ubi
476 2515 510 2551 si
542 2516 619 2552 cod.
646 2515 862 2562 Busbeqzm·

232 2568 274 2624 1,
314 2569 351 2611 8.
385 2569 507 2625 solos]
546 2574 771 2612 consulares
802 2575 1020 2612 Illo‘mmsen
1216 2577 1278 2612 11.
1318 2575 1513 2613 rationem
1550 2588 1634 2612 eam

110 2632 213 2670 redd.
241 2633 459 2670 Mommsen
580 2629 686 2683 eum]
720 2630 738 2668 ὃ
773 2633 889 2680 (cod.)
904 2633 1117 2681 Mortem.)
1266 2635 1329 2671 12.
1363 2634 1413 2671 ita
1448 2632 1471 2681 ᾗ
1498 2635 1536 2671 R

230 2687 279 2743 2,
322 2693 385 2729 15.
419 2691 575 2730 obstitit
607 2694 645 2729 et
677 2694 721 2729 ut
753 2693 831 2730 cod.
864 2705 931 2730 em.
957 2694 1126 2740 Illadztc'y
1160 2696 1191 2730 et
1224 2694 1362 2731 Baiter
1516 2696 1578 2730 17.
1612 2707 1634 2730 a.

110 2752 198 2789 add.
230 2751 333 2799 uulq.
