1842 3133
215 107 269 136 ct„
538 103 599 137 DE
628 101 935 137 SCRIPTORVM
961 102 1086 137 VITIS
1112 102 1173 136 ET
1200 102 1408 138 SCRIPTIS

215 230 258 255 eo
298 215 545 254 indicabatur
583 213 815 252 florentibus
854 213 1016 264 Flauiis,
1056 213 1169 252 aliter
1207 216 1335 253 occiso
1374 214 1604 254 Domitiano.
1669 227 1740 253 nee

216 284 345 320 minus
379 280 518 319 acerbe
546 279 695 318 Plinius
723 280 818 317 {laio
845 279 1090 318 irascebatur
1123 282 1301 326 (Gerclce
1327 283 1348 319 l.
1375 283 1438 331 s.),
1471 286 1513 319 ut
1539 282 1602 319 cui
1629 280 1740 319 Clau-

216 348 302 386 dius
335 352 522 398 patronus
555 346 824 396 successisset,
867 357 1102 396 quamquam
1143 345 1189 384 de
1229 345 1324 397 loco,
1366 346 1431 384 ubi
1473 351 1586 385 natus
1625 352 1740 398 esset,

216 419 250 451 et
286 414 370 463 ipse
405 413 549 450 errauit
585 416 623 449 et.
656 410 894 459 Gaetulicus,
928 411 991 448 cui
1019 410 1280 450 adulationem
1310 411 1559 463 exprobrauit
1590 412 1740 462 (s1·.2).

216 481 347 529 itaque
394 482 627 516 testamento
674 476 809 515 heredi
854 476 954 514 hane
998 476 1202 515 historiam
1248 476 1465 528 mandauit,
1516 479 1539 515 i.
1586 490 1617 517 e.
1663 478 1740 516 filio

215 540 417 597 sororisff)
483 542 586 594 quod
631 547 760 581 autem
813 538 984 593 perinde'
1035 554 1075 580 se
1122 548 1155 581 et
1203 543 1486 594 occupantibus
1531 543 1658 582 locum
1705 549 1743 582 et

216 611 384 661 posteris
419 610 551 647 fauere
586 607 745 658 addidit,
779 621 877 659 quos
905 620 1038 646 secum
1068 608 1338 647 decertaturos
1366 621 1452 647 esse
1479 610 1609 660 sciret,
1642 610 1743 648 sicut

216 676 299 726 ipse
345 675 500 712 fecisset
548 686 634 711 cum
678 672 894 724 prioribus,
941 673 1043 711 idem
1089 674 1291 725 professus
1334 679 1393 712 est
1437 674 1540 726 quod
1585 675 1743 714 Tacitus

216 754 304 779 cum
349 741 447 778 iram
489 745 527 778 et
566 738 738 777 studium
781 738 1076 790 deprecaretur,
1123 740 1437 791 significauitque
1483 740 1554 779 hac
1594 742 1743 779 ratione

216 819 256 845 se
291 811 426 857 aperte
460 810 497 843 et
532 804 690 843 laudare
724 805 898 855 potuisse
933 818 1031 855 quae
1066 805 1256 844 laudanda
1290 811 1433 857 essent,
1467 811 1504 845 et
1531 806 1744 857 reprehen-

218 872 308 911 dere
342 884 440 923 quae
470 870 802 922 reprehendenda,
830 876 873 908 ut
899 872 1064 909 crimina
1092 877 1130 910 et
1151 872 1229 910 odii
1258 877 1294 910 et
1322 871 1553 910 adulationis
1582 872 1745 923 sugeret,

215 939 475 989 ueritatisque
526 950 567 975 se
608 937 765 975 omnino
805 936 1023 975 studiosum
1064 938 1184 976 fuisse
1237 950 1309 976 nec
1354 939 1484 976 minus
1529 937 1744 988 benignum

216 1004 454 1055 plenumque
498 1004 659 1053 ingenui
698 1002 860 1053 pudoris
877 998 928 1056 2),
969 1015 1133 1053 quarum
1172 1005 1363 1042 uirtutum
1404 1003 1466 1042 uel
1507 1005 1618 1042 cuius
1652 1001 1744 1042 ‘sto-

218 1067 360 1108 machi’
402 1073 676 1119 argumentum
716 1073 755 1106 ut
797 1068 1010 1119 proferret,
1050 1074 1185 1119 postea
1223 1070 1262 1107 in
1303 1069 1470 1108 naturali
1508 1069 1670 1108 historia
1705 1082 1745 1108 se

217 1141 420 1174 auctorum
448 1135 605 1173 nomina
633 1139 929 1185 praetexturum
958 1147 1044 1172 esse
1072 1135 1270 1185 pollicitus
1298 1140 1367 1173 est.
1419 1136 1458 1173 in
1481 1148 1603 1186 eoque
1626 1136 1744 1174 stetit.

217 1214 306 1241 nam
333 1206 373 1239 ut
403 1200 479 1238 illis
506 1199 749 1251 temporibus
777 1201 922 1238 acriter
948 1201 987 1238 111
1017 1213 1079 1238 res
1106 1202 1314 1252 inquisiuit
1341 1206 1376 1239 et
1406 1200 1452 1239 ad
1480 1202 1744 1239 certissimum

218 1279 413 1319 quemque
459 1271 659 1304 auctorem
706 1265 833 1315 rediit,
879 1278 995 1316 quem
1041 1266 1281 1318 improbaret
1326 1266 1466 1305 acerbe
1511 1268 1744 1318 uituperans

219 1334 379 1380 (Gesch.
409 1333 549 1371 λίπεν.
578 1332 604 1369 I
624 1344 667 1381 p.
691 1332 775 1369 119
789 1333 904 1381 sqq),
938 1344 1012 1382 qua
1047 1331 1092 1370 de
1127 1345 1242 1371 causa
1271 1333 1302 1371 si
1324 1332 1418 1383 quid
1451 1333 1535 1383 ipse
1568 1332 1746 1383 uidisset,

219 1410 525 1437 commemorare
570 1410 647 1436 non
687 1398 819 1436 omisit,
858 1399 958 1443 (ald.
993 1399 1166 1436 indicem
1200 1398 1420 1447 Detlefsem'
1441 1411 1485 1447 p.
1513 1397 1587 1446 83)
1631 1402 1746 1449 atque

219 1478 267 1503 ne
300 1468 554 1503 monumenta
594 1463 752 1514 quidem
792 1463 1003 1514 titulosque
1043 1464 1211 1514 spreuit:
1250 1463 1365 1502 heres
1399 1465 1529 1514 igitur,
1562 1465 1629 1514 qui
1661 1464 1746 1514 qui-

221 1530 307 1569 dem
349 1531 465 1568 etiam
506 1541 546 1567 se
586 1530 715 1580 ipsum
755 1530 895 1579 omnia,
936 1528 1078 1580 quibus
1112 1529 1357 1568 interfuisset
1391 1541 1568 1580 quaeque
1603 1530 1746 1580 statim,

221 1609 309 1635 cum
337 1596 504 1634 maxime
532 1607 624 1633 uera
652 1601 980 1646 memorarentur,
1008 1594 1235 1645 audiuisset,
1264 1594 1351 1633 stilo
1380 1600 1630 1646 persecutum
1660 1607 1746 1633 esse

220 1662 267 1701 ad
294 1662 472 1700 Tacitum
501 1662 657 1712 scripsit
688 1663 764 1710 (ep.
797 1662 855 1699 Γ]
877 1662 943 1710 16,
971 1662 1026 1699 22
1049 1693 1059 1709 ,
1093 1660 1331 1699 auunculum
1359 1663 1444 1699 iure
1479 1673 1548 1699 suo
1576 1658 1746 1711 ‘religio-

221 1725 392 1767 sissime’
427 1728 610 1766 historias
645 1728 851 1777 scripsisse
885 1726 1113 1777 praedicare
1148 1727 1274 1777 potuit
1308 1728 1370 1772 (1⁷
1392 1726 1429 1774 8,
1457 1727 1514 1773 5).

339 1793 393 1831 Eo
439 1794 562 1843 magis
607 1794 797 1831 miramur
842 1792 966 1831 Tac-iti
1011 1793 1259 1844 iniquitatem
1305 1791 1451 1830 iudicii.
1525 1804 1612 1830 nam
1653 1804 1745 1830 ann.

221 1861 338 1899 XIII
364 1860 418 1898 3]
460 1871 559 1897 anno
594 1855 762 1909 57s'810
801 1871 922 1909 pauca
956 1859 1145 1896 memoria
1180 1857 1294 1908 digna
1331 1859 1512 1896 euenisse
1546 1862 1747 1908 memorat,

222 1923 315 1964 ‘nisi
354 1925 415 1963 cui
456 1924 571 1963 libeat
616 1923 818 1962 laudandis
859 1923 1123 1963 fundamentis
1163 1929 1197 1962 et
1241 1923 1436 1974 trabibus,
1479 1925 1566 1974 quis
1606 1922 1745 1962 molem

222 1990 497 2042 amphitheatri
537 1989 638 2041 apud
678 2002 857 2041 campum
900 1989 1035 2028 Martis
1078 1989 1221 2028 Caesar
1263 1994 1504 2039 extruxerat,
1549 1988 1747 2027 uolumina

222 2056 398 2107 implere,
432 2068 521 2094 cum
556 2068 599 2094 ex
636 2054 822 2105 dig-nitate
856 2055 990 2106 populi
1024 2055 1186 2093 Romani
1222 2059 1420 2106 repertum
1462 2055 1510 2093 sit
1551 2067 1614 2092 res
1647 2053 1747 2092 inlu-

222 2128 323 2160 stres
357 2121 574 2171 annalibus,
608 2120 696 2159 talia
733 2120 884 2159 diurnis
917 2120 1028 2159 urbis
1062 2122 1158 2159 actis
1191 2120 1376 2159 mandare
1390 2116 1409 2171 '7
1443 2118 1586 2171 quibus
1613 2119 1747 2159 uerbis

222 2200 310 2226 eum
343 2187 512 2225 Plinium
548 2187 767 2237 respexisse
803 2186 862 2224 liis
896 2187 1020 2237 ipsius
1054 2186 1149 2224 locis
1183 2185 1490 2224 demonstratur:
1523 2199 1559 2224 η.
1580 2187 1616 2224 h.
1644 2186 1754 2224 XVI

224 2254 308 2291 200
335 2255 590 2303 Amplissima
627 2254 817 2291 arborum
853 2254 908 2290 ml
937 2254 1013 2291 hoc
1046 2255 1140 2291 aeui
1171 2255 1429 2291 e.1·2·stimatur
1462 2252 1614 2290 Romae
1648 2254 1747 2299 nisa,

222 2331 339 2367 quam
360 2325 532 2369 propter
558 2321 797 2357 n22't·aculnm
826 2318 1007 2356 Tiberius
1033 2319 1512 2366 Caesar—ea‘poszterat
1530 2339 1596 2364 —,
1625 2318 1747 2355 dura-

225 2388 359 2433 uitque
387 2386 442 2422 acl
467 2385 638 2422 Neronis
656 2387 863 2433 pre'nce'su's
890 2385 1250 2433 anmhilheatrum;
1287 2383 1367 2432 snit
1394 2388 1524 2421 (tutem
1563 2384 1674 2420 trabs
1701 2394 1748 2420 ea

223 2463 242 2488 e
274 2453 414 2499 larice,
447 2453 568 2498 [missa
593 2451 721 2499 pedes
759 2450 888 2497 CXX,
922 2451 1098 2499 bipedali
1130 2450 1404 2487 crassitudine
1437 2450 1636 2496 aequalis,
1670 2459 1747 2495 quo

224 2517 532 2563 inlelleyelmlm·
566 2518 637 2554 uix
671 2517 878 2554 credibilis*
910 2517 1068 2563 reliqua
1102 2516 1271 2553 alze'zuclo
1300 2514 1513 2563 saste'qium
1541 2515 1597 2551 ad
1627 2525 1747 2551 cuen-

346 2682 376 2713 1,
405 2677 430 2709 Α
468 2676 588 2711 Plinio
626 2677 766 2711 minore.
805 2687 885 2710 eam
926 2676 1037 2711 etiam
1076 2678 1316 2711 retractatam
1355 2677 1392 2709 et,
1423 2674 1634 2719 suppletam
1670 2686 1747 2708 esse

223 2730 343 2763 minus·
372 2733 469 2763 recte
491 2729 623 2764 Nissen
651 2730 672 2764 l.
695 2742 719 2764 s.
743 2743 775 2774 p.
800 2734 866 2764 544
894 2730 1068 2774 opinatus
1097 2732 1162 2773 est,
1189 2729 1264 2763 uid.
1287 2728 1404 2763 Fabia
1430 2740 1463 2772 p.
1487 2732 1553 2762 207
1570 2739 1621 2771 sq.

344 2787 375 2827 2)
404 2782 523 2817 Aliter
544 2783 653 2828 Sillig
679 2784 714 2817 in
743 2784 830 2818 edit.
855 2796 918 2818 sua
945 2784 1010 2828 lp.
1030 2787 1072 2817 10
1105 2784 1202 2817 huno
1234 2783 1355 2817 locum
1382 2783 1649 2826 interpretatus
1682 2783 1747 2815 est.
