1842 3133
600 90 636 124 C.
664 91 853 125 PLINIVS
881 91 1130 126 SECVNDVS
1522 95 1631 125 CLIII

105 202 316 252 attigerunt
351 201 510 252 quidem
538 204 594 249 (u.
617 203 728 252 infra
748 216 790 252 J).
815 200 1095 257 (’1,Χ1[3[[([.).1)
1156 209 1275 243 restat
1315 206 1435 255 igitur
1473 205 1634 255 Plinius,

102 280 217 318 quem
250 267 408 305 Tacitus
454 272 492 305 et
537 268 575 305 111
615 267 790 306 bistoriis
831 268 901 317 (fr.
930 270 974 315 ΙΙ)
1016 274 1054 307 et
1094 270 1132 307 111
1174 270 1378 308 annalibus
1419 271 1489 320 (fr.
1519 272 1556 309 5.
1586 272 1630 318 (i)

101 334 255 384 citauit,
311 332 538 371 uberrimus
584 346 675 372 sane
717 334 803 371 fons
851 333 1006 372 illorum
1054 347 1256 373 annorum.
1320 348 1460 374 uerum
1503 341 1631 374 tamen

103 397 205 449 quod
238 397 380 436 Nissen
413 400 541 437 omnia
577 400 615 437 111
642 399 766 437 'l'aciti
800 399 976 438 historiis
1005 399 1178 438 Pliniana
1214 414 1312 452 esse,
1346 415 1444 452 quae
1472 414 1516 440 ex
1546 401 1632 440 aliis

102 463 328 502 auctoribus
357 470 510 515 sumpta
539 476 624 502 esse
653 464 914 503 demonstrari
943 478 1019 503 11011
1048 472 1191 517 posset,
1220 472 1409 505 statuerat
1438 470 1490 517 (p.
1514 468 1632 518 535),

100 529 299 568 Detlessen
334 530 455 576 (Phil.
484 530 678 568 XXXIJ'
700 543 742 579 μ.
772 531 965 578 alo—49)
1001 535 1039 569 et
1071 530 1199 582 Groag
1233 534 1286 581 (p.
1319 533 1401 570 709
1416 536 1519 581 sqq.)
1548 534 1632 583 qui-

100 594 265 633 busdam
300 596 339 633 111
374 595 490 634 rebus
524 608 589 633 eos
624 596 727 633 inter
767 608 807 633 se
842 595 1066 646 discrepare
1084 592 1116 649 2)
1152 609 1280 647 neque
1314 599 1493 649 uestigiis
1527 598 1632 636 illius

100 660 278 699 Tacitum
312 662 505 699 institisse
540 662 659 699 certis
693 662 937 711 argumentis
971 662 1188 700 euicerunt.
1247 664 1377 714 itaque
1413 663 1507 702 illud
1541 677 1632 702 con-

100 731 203 765 stare
237 726 332 764 mihi
366 725 525 764 uidetur
559 739 634 764 11011
669 725 813 764 habere
847 738 935 777 nos,
974 728 1069 777 quin
1103 727 1237 765 Tacito
1276 728 1410 779 plures
1447 735 1629 767 auctores

100 793 261 830 testanti
294 791 502 830 credamus
519 788 566 846 3),
594 796 636 830 ut
662 791 855 842 plurimos
883 791 989 830 locos
1016 797 1274 844 praeteream,
1296 794 1438 844 quibus
1467 794 1633 833 eandem

101 869 184 895 rem
217 869 237 895 a
271 856 540 908 compluribus
575 852 712 910 (etiam
747 855 913 896 ‘multis’
948 859 1022 896 III
1043 854 1118 912 59)
1148 858 1305 897 diuerse
1334 859 1513 898 traditam
1544 873 1631 899 esse

100 928 291 962 memorat
330 925 386 970 (ιι.
420 924 558 962 Nassete
592 936 636 973 p.
665 924 750 961 525
772 936 827 972 sq.
867 924 997 962 Fabia
1021 937 1065 973 p.
1094 925 1177 962 lo'l
1199 937 1280 973 sqq.
1315 926 1401 964 113
1421 928 1509 974 sqr).
1557 926 1632 964 sre-

102 993 269 1040 quenter
301 989 407 1027 enim
442 1001 504 1027 res
539 988 616 1027 illis
648 988 887 1028 turbulentis
921 990 1033 1027 annis
1067 994 1195 1039 gestas
1230 990 1372 1029 litteris
1407 996 1445 1029 et
1485 1003 1632 1029 sermo-

98 1053 215 1092 nibus
262 1058 446 1092 tractatas
492 1067 590 1105 esse,
635 1060 678 1093 ut
723 1059 788 1093 aut
833 1060 1118 1093 excusarentur
1163 1060 1228 1093 aut.
1266 1055 1529 1106 probarentur
1568 1062 1634 1096 aut

103 1119 410 1158 defenderentur
442 1119 816 1171 celebrarenturque
845 1133 932 1159 cum
960 1133 1032 1171 per
1058 1132 1099 1159 se
1127 1126 1328 1172 appareat,
1362 1126 1444 1160 turn
1478 1122 1633 1174 Iosepbi

100 1186 327 1224 testimonio
361 1187 421 1233 (h.
457 1187 546 1225 Iud.
575 1187 641 1224 Jl‘
670 1186 707 1234 9,
742 1186 786 1233 2)
828 1186 1100 1225 confirmatur:
1140 1184 1294 1226 Πάυτα
1326 1190 1461 1227 ταῦτα
1496 1184 1579 1241 (res
1613 1202 1632 1228 a

101 1250 230 1302 Galba,
252 1251 415 1302 Othone,
437 1251 602 1302 Vitellio,
623 1252 790 1290 Antonio
812 1252 943 1290 Primo
965 1251 1223 1304 Mucianoque
1245 1249 1394 1307 gestas)
1423 1250 1632 1302 διεξιέναι

99 1311 179 1369 μὲν
206 1313 271 1355 ἐπ’
297 1313 473 1369 ἀκριβὲς
498 1315 829 1370 παρῃτησάμην,
859 1313 1008 1369 ἐπειδὴ
1037 1314 1095 1357 δι’
1121 1316 1255 1370 ὄχλου
1281 1318 1417 1358 πᾶσίν
1444 1316 1533 1359 ἐστι
1562 1318 1632 1359 καὶ

99 1381 280 1429 πολλοῖς
308 1378 529 1434 Ἑλλήνων
567 1396 612 1421 τε
644 1379 714 1421 καὶ
751 1378 972 1434 Ῥωμαίων
1005 1379 1348 1435 ἀναγέγραπται,
1389 1385 1634 1438 συναφείας

101 1442 148 1486 δὲ
181 1444 308 1486 ἕνεκα
339 1453 427 1486 τῶν
460 1445 726 1501 πραγμάτων
746 1445 816 1486 καὶ
837 1452 915 1487 τοῦ
949 1447 1005 1501 μὴ
1033 1447 1299 1501 διηρτῆσθαι
1327 1448 1407 1501 τὴν
1435 1449 1634 1503 ἶστοριάν

100 1512 414 1565 κεφαλαιωδῶς
453 1510 638 1553 ἕκαστον
671 1510 1019 1566 ἑπεσημηνάμην.
1083 1514 1151 1553 sed
1191 1528 1279 1553 cum
1320 1515 1407 1554 aliis
1447 1518 1632 1568 tempori-

100 1578 173 1618 bus
219 1578 464 1630 singulorum
518 1581 800 1630 imperatorum
843 1581 1032 1618 memoria
1076 1580 1278 1619 uoluntate
1324 1586 1361 1619 et
1401 1584 1632 1621 auctoritate

101 1656 236 1683 eorum
270 1646 337 1696 qui
370 1644 628 1684 succederent
661 1651 899 1696 senatusque
927 1646 967 1683 111
1001 1652 1147 1684 certam
1182 1646 1346 1685 sormam
1380 1647 1536 1686 redacta
1571 1649 1632 1699 sit,

102 1709 204 1761 quod
238 1722 430 1761 nusquam
465 1723 537 1749 nee
570 1710 672 1762 apud
705 1710 883 1749 Tacitum
917 1712 957 1749 in
991 1711 1198 1750 annalibus
1237 1724 1309 1751 nec
1347 1712 1448 1764 apud
1480 1713 1631 1752 Plutar-

104 1775 220 1814 chum
256 1777 296 1814 in
330 1775 416 1813 aliis
442 1777 536 1814 uitis
570 1778 726 1827 saepius
761 1776 937 1815 diuersas
970 1779 1181 1816 memorias
1214 1777 1277 1816 uel
1311 1778 1431 1817 famas
1458 1779 1521 1817 uel
1550 1781 1630 1831 opi-

102 1842 240 1879 niones
274 1842 377 1879 inter
409 1854 450 1879 se
483 1843 681 1893 oppositas
721 1854 807 1880 esse
841 1843 1067 1881 inuenimus
1100 1855 1216 1894 quam
1244 1843 1350 1882 illius
1377 1845 1416 1882 in
1445 1845 1632 1896 historiis,

101 1907 162 1944 bis
207 1908 245 1944 in
291 1908 396 1957 uitis,
442 1920 556 1945 causa
597 1907 689 1946 binc
731 1907 959 1960 explicanda
1000 1914 1068 1959 est,
1112 1908 1215 1960 quod
1256 1909 1410 1960 Galbae,
1453 1909 1631 1962 Othonis,

102 1972 256 2022 Vitellii,
290 1972 516 2023 Vespasiani
551 1985 613 2011 res
655 1972 797 2012 litteris
839 1978 1023 2024 exceptae
1067 1979 1105 2012 et
1143 1974 1323 2025 uulgatae
1363 1981 1464 2026 sunt,
1503 1977 1631 2027 prius-

102 2049 217 2088 quam
262 2037 424 2076 bistoria
464 2051 483 2076 a
530 2038 673 2077 Flauiis
719 2044 875 2090 recepta
914 2044 952 2077 et
991 2038 1161 2077 stabilita
1200 2045 1315 2079 esset.
1379 2043 1472 2092 quin
1513 2043 1630 2080 etiam

103 2104 324 2141 accuratius
369 2103 697 2143 circumscribere
743 2106 960 2156 poterimus
1000 2117 1248 2144 communem
1288 2106 1396 2144 illum
1431 2112 1630 2146 auctorem

102 2173 190 2219 post
223 2168 411 2207 Caecinae
446 2171 755 2208 coniurationem
796 2175 832 2208 et
866 2175 1051 2221 mortem,
1091 2171 1113 2208 i.
1148 2183 1179 2209 e.
1219 2171 1368 2210 ultimis
1402 2172 1630 2223 Vespasiani

102 2233 345 2284 temporibus
387 2234 450 2272 uel
493 2234 564 2273 sub
604 2235 691 2273 Tito
736 2247 800 2274 res
842 2235 984 2274 litteris
1026 2236 1232 2274 mandasse
1267 2260 1319 2263 -—
1355 2250 1482 2288 neque
1527 2240 1629 2276 enim

103 2304 215 2337 antea
260 2299 323 2337 ille
371 2305 688 2350 repraesentatus
733 2313 949 2339 consensus
994 2301 1095 2352 apud
1140 2301 1237 2340 Plut.
1279 2302 1365 2340 0111.
1400 2301 1424 2341 6
1466 2309 1503 2342 et
1541 2303 1628 2342 Tac.

103 2364 190 2402 hist.
219 2364 233 2402 1
266 2361 340 2416 533
375 2362 427 2403 67
446 2378 501 2416 sq.
529 2365 561 2404 ll
589 2363 645 2404 20
679 2371 754 2404 tam
783 2378 922 2404 seuere
957 2366 1003 2404 de
1031 2367 1188 2405 bomine
1222 2370 1495 2419 potentissimo
1530 2369 1629 2407 iudi-

222 2497 253 2539 1)
280 2495 425 2530 Rustici
445 2498 635 2541 patronus,
652 2497 721 2532 etsi
743 2498 960 2532 dubitanter
980 2498 1124 2533 exstitit
1139 2498 1262 2543 Groag
1279 2500 1312 2544 (l.
1336 2512 1362 2534 5.
1384 2513 1418 2545 p.
1443 2504 1508 2534 790
1524 2503 1628 2545 sqq).

222 2551 256 2593 ⁶2)
282 2549 345 2582 Ex.
362 2561 414 2593 gr.
431 2561 605 2594 compara
627 2552 671 2585 de
692 2551 790 2585 bello
813 2551 1095 2586 Garamantium
1116 2552 1209 2586 Plin.
1227 2553 1258 2586 V
1280 2557 1322 2587 38
1345 2555 1382 2587 et
1402 2554 1486 2588 Tae.
1502 2554 1553 2588 IV
1573 2559 1627 2589 50.

223 2604 257 2646 3)
284 2603 432 2637 inuenio
465 2604 566 2647 apud
592 2605 764 2648 quosdam
791 2610 953 2640 auctores
978 2605 1010 2638 Π
1037 2609 1092 2649 37,
1118 2607 1308 2651 scriptores
1334 2612 1541 2651 temporum,
1568 2611 1632 2652 ραι

104 2677 147 2681 —
169 2661 442 2700 composuerunt
461 2656 493 2690 11
515 2661 593 2700 101,
614 2670 732 2693 omnes
751 2663 914 2693 (suctores
933 2658 982 2692 ΙΙΙ
1004 2663 1059 2701 29,
1080 2660 1320 2695 celeberrimos
1340 2666 1501 2696 auctores
1520 2663 1630 2697 habeo

102 2709 153 2742 ΙΙΙ
180 2713 236 2751 51,
262 2711 394 2744 ¹nostris
419 2711 627 2746 auctoribus
653 2712 825 2746 celebrata
847 2712 896 2745 IV
923 2715 980 2755 83,
1003 2713 1167 2756 plersqzoe
1193 2719 1356 2749 auctores
1380 2714 1406 2748 V
1435 2720 1466 2758 2,
1499 2720 1631 2750 ueteres

104 2767 265 2798 auctores
287 2761 316 2795 V
345 2766 375 2796 6.
