1842 3133
37 814 68 838 10

38 1142 68 1166 15

39 1469 73 1493 ⁶20

435 101 470 136 C.
494 100 601 135 OPPI
625 101 687 135 DE
715 101 829 135 VITA
856 101 1043 137 PRIORIS
1071 103 1300 138 AFRICANI
1563 104 1617 144 47

89 219 182 264 erat,
216 213 361 251 liberos
395 213 678 264 desperauisse.
730 219 862 263 postea
897 215 935 251 in
970 214 1150 252 cubit-ulo
1184 221 1299 266 atque
1333 216 1372 252 in
1407 214 1504 253 lecto
1538 228 1620 253 mu-

90 279 209 330 lieris,
231 291 318 317 cum
346 278 506 316 absente
534 279 673 316 marito
701 277 848 316 cubans
876 278 955 316 sola
983 279 1281 331 concion-nasset,
1302 282 1432 318 uisum
1458 286 1619 331 repente

89 357 175 383 esse
209 345 314 382 iuxta
347 356 431 382 eam
466 343 609 381 cubare
643 345 840 393 ingentem
868 357 1034 393 anguem
1062 358 1230 396 eumque
1258 346 1318 383 liis
1346 347 1412 396 qui
1439 345 1621 384 uiderant

89 410 238 448 territis
277 414 315 447 et
353 408 612 447 clamantibus
652 408 827 459 elapsum
867 410 1039 447 inueniri
1079 423 1156 448 non
1202 412 1347 462 quisse.
1408 410 1446 449 id
1491 412 1618 461 ipsum

90 474 128 513 l'.
157 474 379 525 Scipionem
420 473 465 511 ad
505 475 706 524 aruspices
746 474 946 525 retulisse,
986 488 1051 513 eos
1091 477 1284 514 sacritirio
1325 477 1423 514 sacto
1461 489 1620 527 respon-

90 539 192 578 disse
232 540 313 577 fore
354 544 391 577 ut
434 538 546 577 liberi
586 540 859 590 gignerentur,
899 552 1025 590 neque
1060 541 1192 579 multis
1227 541 1381 593 diebus,
1415 547 1620 592 postquam

88 604 152 643 ille
192 605 329 654 anguis
368 606 406 642 in
441 604 540 642 let-to
580 605 689 642 uisus
729 610 803 654 est,
844 605 1047 643 mulierem
1088 608 1264 657 coepisse
1298 608 1477 657 concepti
1519 608 1621 645 setus

89 671 198 721 signa
243 675 357 720 atque
404 682 562 707 sensum
607 671 696 719 pati.
754 669 893 707 exinde
938 683 1072 709 mense
1120 671 1270 710 decimo
1313 673 1513 722 peperisse
1555 686 1619 710 na-

90 741 250 786 tumque
284 748 369 773 esse
403 735 506 773 hunc
540 734 578 772 P.
607 735 844 785 Africanum,
877 737 943 786 qui
977 735 1233 775 Hannibalem
1261 742 1295 775 et
1326 737 1621 787 Carthaginien-

90 813 152 839 ses
184 801 224 838 in
256 801 383 838 Africa
422 799 522 838 bello
554 799 721 837 Poenico
761 800 932 838 secundo
973 801 1079 839 uicit.
1137 802 1205 840 sed
1239 807 1277 840 et
1310 815 1398 840 eum
1432 803 1620 853 inpendio

89 867 212 916 magis
252 878 297 903 ex
331 865 449 903 rebus
482 866 620 915 gestis7
660 878 774 916 qnam
810 878 853 903 ex
888 865 953 903 illo
987 872 1139 905 ostento
1172 869 1303 906 uirum
1343 880 1429 906 esse
1464 870 1622 906 uirtutis

91 931 247 969 diuinae
281 930 473 969 creditum
507 936 576 968 est.

212 993 257 1036 3.
304 995 345 1034 ld
384 997 500 1034 etiam
541 996 670 1034 dicere
709 997 803 1034 haut
840 998 963 1047 piget,
995 997 1098 1048 quod
1131 998 1234 1036 idem
1268 998 1340 1049 itti,
1374 1012 1471 1050 quos
1505 1012 1623 1050 supra

90 1063 307 1112 nominaui,
348 1061 488 1099 litteris
527 1061 817 1112 mandauerint,
857 1062 1079 1113 Scipionem
1119 1064 1223 1102 ltunc
1262 1065 1488 1102 Africanum
1535 1065 1624 1103 soli-

91 1129 236 1165 tauisse
269 1128 395 1165 noctis
428 1132 614 1177 extremo,
647 1128 877 1178 priusquam
911 1127 1154 1179 dilucularet,
1187 1130 1226 1167 in
1261 1129 1494 1180 Capitolium
1528 1143 1622 1168 uen-

90 1194 203 1231 titare
243 1206 285 1230 ac
323 1191 458 1230 iubere
498 1193 641 1243 aperiri
681 1192 818 1230 cellam
850 1192 955 1231 Iouis
988 1199 1103 1245 atque
1142 1194 1196 1232 ibi
1231 1195 1355 1233 solum
1391 1195 1455 1233 diu
1491 1195 1622 1234 demo-

92 1259 169 1296 rari
213 1259 324 1309 quasi
369 1257 653 1296 consultantem
694 1257 739 1296 de
780 1270 821 1296 re
853 1272 888 1309 p.
924 1271 1013 1297 cum
1050 1259 1160 1311 Ioue,
1200 1260 1495 1312 aeditumosque
1536 1262 1620 1299 eius

91 1323 225 1374 templi
264 1335 379 1373 saepe
418 1335 503 1361 esse
544 1323 770 1374 demiratos,
804 1323 908 1374 quod
940 1324 1065 1362 solum
1099 1324 1139 1363 id
1171 1327 1359 1377 temporis
1392 1327 1432 1364 in
1466 1326 1618 1377 Capito-

91 1388 186 1426 lium
218 1387 506 1438 ingredientem
539 1401 655 1427 canes
689 1401 844 1439 semper
875 1391 915 1427 in
949 1390 1043 1428 alios
1077 1392 1299 1429 saeuientes
1341 1404 1469 1442 neque
1509 1392 1623 1430 latra-

94 1459 181 1492 rent.
213 1466 302 1492 eum
335 1466 462 1504 neque
494 1455 755 1492 incurrerent.

234 1514 311 1548 Has
344 1514 447 1559 uolgi
484 1515 528 1548 de
563 1514 734 1559 Scipione
774 1515 967 1560 opiniones
1008 1516 1224 1551 confirmare
1264 1519 1377 1561 atque
1416 1518 1623 1562 approbare

140 1568 366 1602 uidebantur
393 1568 495 1602 dicta
520 1568 696 1611 factaque
723 1568 801 1602 eius
828 1569 1007 1613 pleraque
1040 1570 1273 1605 admiranda.
1320 1582 1363 1605 ex
1400 1572 1535 1615 quibus
1568 1574 1625 1606 est

139 1633 254 1655 unum
279 1621 546 1656 huiuscemodi.
586 1621 788 1656 Assidebat
814 1623 1131 1668 oppugnabatque
1159 1624 1338 1669 oppidum
1364 1625 1402 1658 in
1429 1625 1623 1670 Hispania,

140 1674 226 1718 situ,
252 1674 463 1718 moenibus,
490 1675 748 1710 defensoribus
780 1675 949 1710 ualidum
982 1679 1019 1711 et
1044 1677 1247 1722 munitum,
1274 1689 1312 1712 re
1340 1678 1455 1713 etiam
1483 1679 1625 1713 cibaria

93 1770 260 1814 sumpsit,
288 1769 390 1804 nullo
417 1769 477 1804 die
503 1769 605 1814 prius
632 1770 748 1805 ullam
773 1771 965 1815 publicam
991 1771 1255 1816 priuatamque
1281 1784 1358 1807 rem
1384 1773 1473 1819 egit,
1512 1785 1625 1817 quam

93 1817 132 1851 in
159 1817 386 1862 Capitolium
418 1817 506 1860 iret,
532 1817 794 1862 ingressusque
824 1819 955 1853 aedem
982 1820 1191 1854 consideret
1218 1822 1255 1854 et
1280 1821 1498 1865 plerumque
1525 1821 1624 1856 solus

92 1865 131 1898 in
157 1867 297 1900 secreto
325 1864 379 1899 ibi
404 1867 551 1909 tempus
577 1868 723 1900 tereret.
765 1866 825 1900 hic
852 1878 942 1909 mos⁷
969 1878 1078 1911 quem
1104 1878 1170 1912 per
1195 1879 1340 1902 omnem
1361 1868 1480 1902 uitam
1501 1880 1625 1903 serua—

92 1913 169 1955 bat,
203 1923 266 1946 seu
299 1913 468 1947 consulto
501 1923 565 1946 sen
597 1914 735 1947 temere
767 1913 946 1959 uulgatae
980 1914 1147 1959 opinioni
1174 1915 1284 1950 fidem
1317 1916 1418 1960 apud
1443 1917 1624 1960 quosdam

93 1960 194 2004 fecit,
220 1963 261 1994 ut
290 1960 417 2005 stirpis
450 1971 534 1994 eum
566 1960 718 1995 diuinae
743 1961 867 1995 uirum
893 1972 972 1996 esse
1000 1963 1208 2006 crederent⁷
1235 1963 1457 2007 rettulitque
1486 1963 1625 1998 famam

93 2007 131 2041 in
163 2007 374 2042 Alexandro
412 2019 548 2052 magno
585 2007 687 2052 prius
726 2009 938 2054 unigenam,
978 2012 1016 2044 et
1046 2010 1216 2045 uanitate
1249 2013 1286 2045 et
1317 2011 1448 2045 fabula
1483 2022 1623 2056 parem,

94 2054 226 2101 anguis
252 2055 426 2090 immanis
453 2055 653 2090 concubitu
680 2060 911 2101 conceptum,
939 2058 976 2091 et
1000 2058 1039 2091 in
1060 2057 1232 2093 cubiculo
1252 2058 1383 2093 matris
1403 2059 1482 2093 eius
1505 2059 1625 2093 uisam

95 2113 275 2147 persaepe
313 2102 477 2148 prodigii
510 2102 588 2137 eius
622 2104 783 2148 speciem
815 2104 1104 2149 interuentuque
1135 2105 1327 2140 hominum
1354 2107 1544 2141 euolutam
1570 2119 1626 2142 re-

93 2152 203 2194 pente
231 2152 343 2194 atque
370 2161 414 2185 ex
441 2150 557 2185 oculis
585 2150 761 2196 elapsam.
806 2152 864 2186 his
890 2152 1079 2187 miraculis
1106 2165 1308 2198 numquam
1342 2154 1388 2188 ab
1415 2154 1495 2199 ipso
1523 2155 1626 2189 elusa

94 2198 184 2232 fides
211 2200 277 2241 est,
304 2197 394 2242 quin
420 2197 545 2242 potius
572 2202 683 2233 aucta
710 2201 789 2233 arte
815 2200 978 2244 quadam
1004 2212 1072 2235 nec
1099 2200 1287 2235 abnuendi
1320 2201 1395 2236 tale
1425 2202 1625 2246 quicquam

93 2256 160 2279 nec
186 2245 313 2289 palam
339 2245 573 2288 adfirmandi,
599 2246 718 2281 multa
744 2247 820 2281 alia
847 2247 1013 2282 eiusdem
1040 2247 1198 2293 generis,
1225 2248 1300 2283 alia
1330 2260 1430 2293 uera,
1457 2249 1534 2284 alia
1560 2250 1624 2284 ad-

97 2292 283 2335 simulata,
305 2293 563 2327 admirationis
590 2294 775 2328 humanae
801 2294 839 2328 in
865 2306 907 2330 eo
934 2295 1069 2329 iuuene
1095 2298 1331 2330 excesserant
1350 2297 1518 2339 modum3
1545 2297 1625 2340 qui-

95 2340 164 2374 bus
184 2340 280 2374 freta
300 2342 388 2374 tunc
409 2340 542 2375 ciuitas
564 2341 680 2376 aetati
700 2341 993 2387 haudquaquam
1013 2345 1182 2377 maturae
1196 2345 1341 2378 tantam
1355 2355 1477 2378 rerum
1491 2345 1626 2379 molem

95 2389 315 2430 tantumque
341 2388 537 2432 imperium
563 2389 742 2433 permisit.
790 2390 842 2433 Cf.
865 2402 892 2425 c.
913 2393 973 2434 20,
994 2394 1027 2425 5.
1064 2391 1138 2426 Vac.
1162 2391 1267 2426 Max.
1289 2393 1315 2425 I
1336 2395 1371 2434 2,
1397 2396 1427 2426 1.
1461 2393 1623 2436 Appicm.

97 2436 201 2479 Hisp.
221 2438 279 2469 23.
326 2436 422 2471 Cass.
444 2437 520 2470 Dio
546 2436 593 2478 fr.
617 2439 676 2479 57,
697 2440 754 2472 38.
800 2436 959 2473 frastra
994 2439 1107 2483 {qitzar
1144 2440 1328 2474 oblocutus
1368 2444 1417 2474 est
1449 2441 1627 2486 Polybius

99 2483 139 2516 X
161 2486 205 2525 2;
232 2485 264 2516 9.

217 2585 253 2619 4.
287 2584 326 2619 et
352 2579 418 2633 eL]
441 2583 753 2622 exclamantibus
772 2584 987 2632 mattam).
1068 2586 1197 2623 uideri
1216 2587 1255 2624 R
1327 2600 1405 2625 non
1431 2600 1544 2638 posse
1563 2585 1626 2626 Rl

96 2654 173 2679 non
199 2642 374 2690 potuisse
394 2637 456 2679 122
579 2645 614 2680 7.
648 2645 795 2693 cepisse
822 2645 928 2682 codd.
1054 2648 1118 2683 11.
1152 2648 1307 2684 ostenso
1327 2647 1366 2684 R

217 2696 261 2752 3,
292 2702 355 2738 16.
382 2701 535 2740 iuberet
560 2701 627 2740 sed
654 2703 799 2752 aperiri
825 2703 864 2740 R
970 2706 1034 2742 17.
1068 2705 1307 2743 consuletem
1337 2701 1406 2757 (an
1431 2719 1460 2744 s.
1482 2702 1569 2759 lin.)
1590 2708 1628 2744 R

99 2761 164 2797 24.
197 2760 316 2798 situm
344 2762 450 2799 codd.
