1842 3133
139 145 193 173 ('X
464 144 524 177 DF,
552 143 858 178 SCRIPTORVM
888 144 1010 178 VITIS
1037 144 1097 178 ET
1125 145 1335 180 SCRIPTJs

138 254 315 292 Andreae
351 254 478 292 l⁴‘loc‹·i
513 254 643 292 libello
679 255 838 293 ductum
879 261 939 293 est
967 270 1039 307 —3
1073 257 1104 293 si
1139 269 1255 295 manu
1290 258 1434 295 missus
1469 259 1552 308 l'uit,
1586 271 1675 307 non,

138 332 226 357 1-11111
277 319 418 357 librum
462 319 716 370 inscriberet,
762 326 924 370 propter
964 320 1182 359 doctrinam
1231 323 1387 372 seruiit,
1434 336 1480 360 ne
1520 324 1672 373 patroni

136 383 294 433 quidem
336 396 477 422 nomen
516 384 668 423 illustre
711 386 793 423 l'uit.
846 391 1001 436 tempus
1042 387 1144 424 uitae
1185 386 1409 437 Hieronymi
1448 389 1671 426 testimonio

137 451 239 486 inter
284 461 407 486 annos
447 447 502 487 ιδ’.)
534 447 616 487 ἴθ’.)
657 456 690 487 et
738 448 788 488 15»
821 448 903 488 77⁴.)
951 450 1138 489 delinitur
1183 451 1250 490 sed
1298 451 1474 490 dissentit
1525 452 1673 491 l'linius

136 515 206 562 (sr.
238 516 310 557 25)
346 511 580 552 ‘tumissinw
614 515 763 553 Tiberii
798 516 978 553 Caesaris
1018 515 1255 567 principatu'
1292 530 1381 555 eum
1415 517 1560 556 obiisse
1594 518 1673 556 adi-

135 581 262 628 ciens,
306 592 380 629 qua
428 579 473 617 de
520 593 636 618 causa
682 580 870 618 Mercklin
913 596 953 630 l‘·
981 584 1008 619 3
1051 588 1089 619 et
1128 594 1215 620 cum
1256 595 1301 620 eo
1339 582 1460 621 l’oetb
1498 585 1595 632 113
1637 589 1673 620 et

135 644 319 682 iltwnzffl-
346 649 400 693 (p.
422 646 507 683 :2⁶45
522 654 598 694 sq.)
628 657 715 684 eum
745 658 821 684 non
856 653 940 697 post
971 659 1001 685 a.
1030 644 1199 698 3t3s789
1234 654 1447 699 nim-tuum,
1475 661 1550 686 non
1585 655 1670 699 post

134 724 164 747 a.
188 708 243 745 δι’)
274 708 356 748 719
391 716 523 749 natum
558 723 644 749 esse
680 717 913 761 statuerunt,
942 725 1110 763 cumque
1138 726 1168 750 a.
1191 711 1361 751 35:719
1390 714 1426 752 S.
1450 714 1672 764 Pompeius,

133 774 188 812 fr.)
219 773 301 813 102
339 776 406 814 (In.
434 775 645 827 Pompeius
685 777 867 815 consules
909 778 1065 828 l'uerint,
1100 791 1193 816 sane
1234 778 1345 816 facile
1381 779 1418 816 111
1453 780 1542 817 1111111
1579 792 1669 817 con-

135 840 243 878 l'undi
275 846 499 892 potuerunt.
541 847 670 880 tamen
712 842 757 880 ad
797 842 1023 893 Hieronymi
1059 845 1330 882 auctoritatem
1366 844 1528 894 inclino,
1574 857 1672 895 quae

135 907 178 943 l'r.
205 904 256 943 l&
291 906 501 945 adiuuatur
534 913 649 958 atque
679 920 722 945 ex
755 909 798 945 l'r.
822 906 877 946 24
905 908 976 946 boc
1010 921 1132 947 unum
1167 922 1278 947 sumo
1319 907 1498 960 ‘Augusti
1540 911 1672 948 nouis-

133 972 243 1009 simis
277 970 537 1022 temporibus'
567 985 656 1011 eum
690 974 910 1024 scripsisse,
938 973 1132 1025 Pliniique
1162 974 1255 1012 baec
1283 975 1415 1024 uerba,
1444 987 1521 1013 non
1549 976 1672 1025 ipsius

134 1036 376 1075 t³e1ws1ettae
417 1050 515 1075 esse.
576 1040 614 1076 in
649 1038 858 1077 scribendo
896 1045 1131 1089 peruenerat
1168 1039 1266 1077 libro
1306 1042 1498 1078 uicesimo
1538 1040 1671 1091 altero,

133 1103 197 1152 qui
240 1102 401 1141 ultimus
441 1104 601 1154 citatur,
641 1116 766 1155 usque
807 1104 854 1142 ad
894 1118 924 1142 a.
959 1102 1126 1142 &vom
1164 1105 1233 1154 (fr.
1261 1105 1348 1153 21).

253 1167 330 1205 Sed
362 1173 403 1206 111
445 1168 603 1206 redeam
643 1169 689 1207 ad
730 1169 825 1207 illud
867 1171 1148 1220 testimonium,
1183 1170 1357 1221 Scaliger
1390 1172 1567 1222 speciose
1603 1184 1670 1221 pro

133 1235 384 1271 carminibus
405 1233 565 1272 annales
588 1234 803 1285 substituit,
826 1248 942 1285 quam
965 1235 1208 1273 Fenestellae
1231 1237 1528 1287 inscriptionem
1552 1238 1670 1274 l'uisse

132 1297 314 1336 omnibus
348 1300 404 1336 eis
439 1300 682 1349 fragmentis,
717 1300 860 1350 quibus
894 1300 1023 1338 addita
1058 1307 1115 1339 est
1151 1302 1220 1350 (fr.
1244 1302 1279 1339 l.
1305 1303 1339 1339 2.
1364 1303 1429 1339 21.
1460 1301 1546 1352 28),
1580 1314 1670 1339 con—

133 1366 328 1415 tirmaturg
369 1370 424 1413 at,
464 1364 566 1415 quod
607 1367 827 1403 carminum
867 1367 1033 1416 uestigia
1068 1368 1227 1404 omnino
1262 1379 1338 1404 non
1373 1366 1573 1417 babemus,
1607 1366 1670 1405 illa

132 1435 257 1467 aetate
292 1442 310 1467 a
346 1429 563 1468 Fenestella
605 1444 648 1467 ea
690 1443 765 1468 non
806 1443 892 1469 esse
926 1433 1141 1482 composita
1175 1444 1251 1469 non
1286 1434 1475 1482 sequitur.
1529 1434 1565 1469 in
1605 1446 1670 1470 cu-

134 1495 308 1532 riositate
337 1507 429 1533 sane
457 1501 561 1533 totus
590 1497 679 1545 suit,
714 1497 763 1534 ita
798 1502 837 1534 ut
881 1509 954 1534 uon
990 1496 1104 1534 modo
1139 1498 1242 1548 ipsas
1277 1509 1339 1535 res
1373 1504 1501 1548 gestas
1533 1496 1669 1535 discri-

133 1561 235 1597 mine
264 1561 368 1598 inter
395 1573 457 1598 res
485 1563 689 1610 gramiores
717 1563 982 1613 mimitiasque
1011 1562 1190 1612 neglecto
1219 1568 1422 1601 enarraret
1454 1562 1523 1601 sed
1552 1565 1667 1601 etiam

132 1626 262 1663 uarias
303 1638 366 1663 res
400 1627 644 1676 antiquitatis
678 1624 1066 1681 complectereturs),
1101 1627 1146 1666 de
1183 1627 1477 1675 magistratibus
1511 1633 1545 1666 et
1581 1641 1668 1679 pro-

133 1692 348 1740 uocatione,
384 1690 429 1728 de
453 1691 563 1729 libris
586 1691 796 1743 Sibyllinis,
820 1692 865 1730 sle
889 1695 978 1730 anni
1002 1695 1126 1743 spatio
1151 1693 1384 1743 deliniendo,
1414 1693 1459 1731 de
1487 1695 1669 1744 nummis,

134 1755 178 1793 (lc
214 1768 335 1806 aquae
371 1756 553 1794 ductibus
588 1770 802 1809 eorumque
837 1758 1070 1809 sumptibus,
1106 1759 1152 1796 de
1186 1760 1435 1797 uestimentis
1463 1771 1667 1797 cenarum—

132 1834 206 1871 que
247 1821 410 1871 luxuria,
451 1822 496 1860 de
537 1824 707 1861 ferarum
754 1825 896 1874 pugnis
937 1825 975 1861 111
1016 1825 1140 1873 circo,
1182 1824 1226 1861 de
1268 1824 1491 1874 arboribus,
1526 1824 1668 1875 quibus

133 1887 376 1937 temporibus
410 1893 514 1925 satae
550 1895 692 1939 essent,
727 1890 843 1927 etiam
875 1891 914 1927 111
943 1889 1156 1927 uerborum
1186 1890 1377 1939 originem
1407 1890 1555 1927 ratione
1579 1889 1666 1927 Var-

134 1954 290 1990 roniana
333 1954 549 2003 inquireret
592 1954 661 2003 (fr.
690 1954 749 2004 8),
790 1955 827 1991 in
869 1955 1006 2005 primis
1047 1961 1176 1992 autem
1217 1961 1436 2005 temporum
1484 1967 1666 1992 numero·

134 2030 298 2068 rumque
345 2020 536 2057 rationem
585 2019 743 2057 liaberet
786 2021 857 2069 (sr.
889 2021 922 2058 7.
960 2021 1023 2058 10.
1056 2021 1120 2057 II.
1155 2021 1216 2058 13.
1247 2020 1312 2058 17.
1342 2020 1407 2057 20.
1437 2021 1510 2066 23)
1551 2026 1666 2070 atque

133 2090 168 2120 ut
206 2083 405 2122 annalium
440 2085 621 2135 scriptor,
657 2086 688 2123 si
723 2091 852 2135 posset
888 2098 1009 2123 annos
1037 2085 1292 2123 adscriberet.
1340 2084 1666 2135 diligentissimus

133 2150 251 2194 igitur
278 2150 449 2200 scriptor
477 2163 494 2187 a
525 2149 725 2188 Lactantio
754 2150 898 2188 dicitur
926 2151 995 2200 (fr.
1026 2151 1111 2201 IS),
1140 2163 1266 2201 neque
1300 2151 1444 2188 mirum
1478 2156 1534 2188 est
1563 2150 1664 2201 quod

132 2215 303 2252 Senecae
348 2214 578 2266 philosopho
622 2215 754 2253 odium
798 2217 937 2266 mouit,
978 2217 1043 2266 qui
1084 2222 1118 2253 et
1155 2217 1193 2253 in
1228 2215 1377 2265 dialogo
1413 2215 1564 2253 decimo
1598 2217 1665 2257 (de

131 2281 333 2318 breuitate
361 2284 471 2319 ailae
498 2294 529 2318 c..
554 2281 626 2328 13)
656 2287 788 2319 contra
824 2294 890 2319 eos
925 2280 1131 2330 declamat,
1166 2282 1230 2331 qui
1272 2281 1491 2319 litterarum
1525 2280 1665 2319 studiis

133 2344 398 2396 detineantur,
439 2358 537 2396 quae
578 2347 653 2384 iam
693 2346 795 2397 apud
828 2346 1022 2385 Romanos
1056 2359 1194 2397 magna
1229 2359 1366 2384 manus
1400 2348 1466 2398 sit3
1501 2359 1589 2384 nam
1623 2360 1663 2384 se

133 2410 287 2448 audisse
322 2410 516 2461 quendam
554 2408 847 2466 referentemss'j),
883 2410 996 2462 ‘quae
1031 2412 1182 2462 primus
1210 2413 1376 2462 quisque
1405 2424 1450 2449 ex
1479 2411 1663 2450 Romanis

254 2541 285 2578 1)
313 2536 522 2570 Cornelium
555 2537 738 2582 Nepotem
767 2538 844 2571 (Ex.
867 2539 908 2572 fr.
932 2542 990 2580 22)
1023 2537 1346 2580 Fenestellamque
1379 2538 1435 2582 (fr.
1460 2542 1516 2582 25)
1550 2541 1663 2572 testes

132 2587 325 2632 coniungit
351 2589 560 2633 ingruentis
587 2590 756 2624 luxuriae
786 2590 926 2624 Plinius
953 2603 985 2624 n.
1009 2591 1042 2624 h.
1065 2590 1215 2624 XXXIII
1239 2595 1315 2631 146,
1337 2592 1536 2635 postquam
1556 2602 1661 2635 para-

132 2641 274 2684 grapho
303 2643 546 2677 antecedente
574 2644 664 2677 haee
693 2644 807 2678 uerba
829 2644 933 2679 fecit:
964 2645 1191 2679 Erubescat&
1219 2645 1424 2686 annales,
1451 2646 1515 2689 qui
1534 2645 1659 2679 bellum

132 2696 239 2728 ciuile
267 2696 359 2729 illud
386 2697 520 2731 talibus
548 2699 650 2731 uitiis
677 2700 911 2742 imputauere.

253 2753 286 2790 2²)
314 2748 419 2789 Quod
447 2750 585 2784 Seneca
611 2752 668 2784 his
691 2751 816 2785 (liebus
836 2762 919 2784 eum
941 2762 979 2785 se
1001 2751 1149 2785 audisse
1176 2750 1270 2785 dicit
1290 2750 1553 2794 concluditque
1573 2762 1659 2793 que-

133 2800 259 2834 rellam
283 2813 364 2834 «sum
387 2802 528 2846 Papirii
551 2803 709 2837 Fabiani
735 2804 946 2848 philosophi
976 2804 1204 2844 laudatione,
1232 2806 1312 2838 tota
1339 2802 1562 2838 decla-matio
1589 2804 1660 2838 for-
