1842 3133
183 139 373 168 (Ὲχχῃῃ
516 124 578 159 DE
607 124 911 160 SCRIPTORVM
941 124 1063 159 VlTIS
1092 124 1151 160 ET
1179 126 1387 162 SCRIPTIS

183 237 351 275 Heluidii
412 235 550 275 l‘risri’
606 233 809 290 (iunioris,
868 250 968 276 anno
1021 236 1075 277 93
1127 236 1267 293 occisi)
1320 239 1514 291 ediderat,
1572 239 1714 291 quibus

183 304 398 341 orationem
444 302 663 340 Domitiano
712 302 904 342 trucidato
953 310 1088 342 contra
1135 304 1352 343 Publicium
1399 304 1557 344 Certum
1608 305 1713 344 illius

183 374 450 407 accusatorem
485 369 524 406 iu
559 374 697 406 senatu
732 368 902 408 habitam
931 376 1090 408 auxerat
1118 376 1155 408 et
1183 375 1475 422 retractauerat,
1502 372 1553 409 ita
1584 377 1712 410 tamen

181 440 220 472 ut
257 433 400 484 singuli
435 433 525 471 libri
560 446 601 472 ea
641 434 819 486 epistula,
853 448 926 486 qua
962 435 1007 474 de
1042 436 1098 473 eis
1132 437 1207 486 egit
1238 437 1294 485 (9,
1318 437 1403 487 13),
1431 449 1507 474 non
1542 438 1714 476 minores

182 505 309 537 essent
347 494 389 551 (i.
418 512 449 537 e.
481 497 563 537 114
596 499 780 538 uersibus
814 500 872 540 ed.
894 500 989 539 Keil.
1013 497 1134 555 mai),
1169 506 1283 552 atque
1312 503 1428 540 etiam
1457 501 1502 540 de
1525 502 1713 541 Vestricio

182 564 325 615 Cottio,
372 564 449 602 tilio
496 564 677 603 Vestricii
723 565 942 617 Spurinnae
988 572 1026 605 et
1071 566 1220 605 Cottiae
1267 568 1367 605 intra
1408 566 1714 606 adulescentiam

181 636 345 681 mortuo,
384 636 425 668 ut
465 632 566 682 patri
606 632 730 669 amico
770 632 1031 683 satisfaceret,
1071 631 1246 671 libellum
1286 634 1502 684 composuit
1544 639 1581 672 et
1616 635 1714 672 reci-

181 698 274 735 tauit
305 698 361 745 (3,
391 698 477 744 10).
529 698 689 748 grauius
731 703 859 736 tamen
899 710 1053 749 munus,
1093 699 1166 737 etsi
1205 698 1390 737 historiae
1431 711 1517 737 esse
1554 699 1715 750 putabat

181 761 361 801 laudibus
407 775 580 801 summos
625 764 734 801 uiros
778 765 982 815 persequi,
1017 777 1074 813 ep.
1113 765 1148 801 Γ
1175 764 1201 802 8
1236 765 1439 803 excusauit
1472 765 1543 814 (cf.
1576 767 1714 804 Gescle.

182 828 273 867 Lm.
302 829 353 866 II
370 841 414 877 p.
444 829 526 866 191
548 830 637 879 sq),
671 841 744 867 nec
777 841 847 880 par
880 830 1030 867 suisset.

300 894 448 943 Agmen
481 893 632 932 claudat
666 894 728 933 Ti.
758 894 985 933 Claudius
1018 894 1188 946 Pollio,
1218 895 1516 934 commendatus
1543 908 1561 934 a
1589 895 1714 934 Plinio

184 960 219 1007 7,
247 960 301 998 31
337 964 375 997 ut
417 959 613 1010 quondam
654 960 867 998 commilito
908 960 946 999 C.
981 960 1078 999 Iulio
1119 960 1290 999 Cornuto
1335 961 1509 999 Tertullo
1554 966 1716 1012 propter

182 1037 334 1063 morum
380 1026 644 1075 integritatem
691 1027 936 1077 maximeque
982 1031 1144 1077 propter
1182 1028 1386 1077 pietatem,
1432 1040 1505 1078 qua
1550 1026 1595 1065 de
1635 1028 1714 1065 uita

181 1091 297 1128 Annii
343 1090 473 1141 Bassi,
518 1090 634 1141 legati
675 1091 902 1142 Vespasiani
947 1091 1047 1130 hello
1092 1092 1249 1130 ludaico
1294 1092 1545 1143 consulisqne
1591 1105 1621 1131 a.
1660 1090 1715 1130 70

183 1157 365 1206 (Prosop.
389 1157 469 1205 [ρ.
492 1157 547 1194 63
575 1157 750 1208 21.476),
784 1157 927 1196 librum
963 1157 1146 1208 ediderit,
1181 1159 1365 1209 quoniam
1399 1157 1525 1197 studia
1559 1170 1714 1209 quoque

183 1223 281 1260 sicut
317 1221 411 1260 alias
444 1221 565 1260 bonas
599 1226 702 1261 artes
735 1228 946 1261 ueneratus
976 1229 1080 1262 esset
1108 1225 1292 1273 (Prosop.
1316 1225 1342 1262 I
1360 1237 1403 1273 l).
1425 1224 1511 1262 392
1538 1237 1574 1262 ῃ.
1599 1224 1713 1271 703).

182 1300 418 1339 quamquam
458 1300 551 1326 num
591 1289 795 1327 saeuitiam
835 1288 1047 1327 Domitiani
1086 1294 1269 1341 expertus
1310 1291 1360 1328 sit
1400 1289 1559 1328 dubium
1600 1286 1713 1344 est.1)

643 1479 959 1527 POMPEIVS
998 1480 1257 1526 PLANTA

302 1598 372 1636 Hic
419 1598 490 1637 sul)
524 1598 761 1650 Vespasiano
807 1604 1038 1650 procurator
1083 1600 1222 1651 Lyciae
1269 1605 1306 1639 et
1349 1600 1596 1651 Pamphyliae
1642 1601 1715 1639 fuit

183 1666 367 1713 (Prosop.
392 1665 464 1702 III
490 1678 527 1703 η.
559 1665 613 1702 70
645 1678 681 1703 η.
711 1665 828 1715 483),
862 1665 933 1703 sul»
967 1665 1145 1717 Traiano,
1179 1667 1246 1717 qui
1279 1678 1367 1704 eum
1402 1667 1571 1705 amicum
1606 1666 1714 1717 dixit,

183 1742 213 1768 a.
242 1726 408 1782 98s851
450 1730 672 1781 praefectus
705 1731 867 1781 Aegypti
901 1731 1031 1777 (Trai.
1054 1733 1110 1770 ad
1135 1733 1236 1771 plin.
1260 1732 1315 1779 7).
1367 1731 1516 1770 Bellum
1550 1730 1714 1770 Othonis

183 1800 220 1833 et
248 1795 391 1833 Vitellii
429 1801 471 1834 ut
505 1809 524 1834 a
557 1796 690 1835 Tacito
730 1796 776 1834 ah
820 1809 864 1834 eo
899 1797 1089 1847 scriptum
1132 1810 1218 1836 esse
1259 1810 1304 1835 ex
1350 1796 1557 1835 scholiasta
1602 1797 1714 1836 que-

182 1861 281 1899 nalis
321 1863 595 1911 cognoscimus
630 1862 705 1911 (fr.
737 1862 792 1912 I),
830 1861 949 1913 idque
988 1863 1064 1900 iam
1105 1868 1194 1901 ante
1228 1876 1259 1901 a.
1289 1861 1367 1901 111
1406 1874 1451 1901 ex
1486 1862 1601 1901 Plinii
1634 1864 1714 1914 epi-

183 1926 307 1977 stulis,
341 1928 408 1978 qui
442 1939 486 1965 eo
520 1940 620 1966 anno
654 1929 771 1966 etiam
804 1927 962 1966 ultimas
995 1929 1215 1979 composuit
1248 1928 1446 1979 ediditque
1481 1934 1518 1966 et
1550 1927 1600 1966 lx
1631 1926 1665 1978 1,
1692 1926 1711 1966 1

182 1992 297 2030 modo
331 2005 420 2031 eum
454 1998 653 2031 mortuum
687 2005 772 2031 esse
810 1998 1011 2044 memorat,
1046 2006 1120 2044 qua
1155 1993 1201 2032 de
1235 2006 1350 2032 causa
1378 1993 1504 2032 Vallae
1539 1993 1714 2032 scholion

182 2057 379 2096 quenalis
424 2058 638 2096 Pithoeano
684 2058 1006 2110 Sangallensique
1057 2059 1371 2110 postponendum
1417 2071 1503 2098 esse
1555 2058 1714 2109 adparet

184 2124 240 2170 (u.
263 2125 356 2162 adn.
379 2126 435 2162 acl
455 2124 509 2173 sr.
534 2125 590 2171 I).
637 2125 945 2163 intercesserant,
978 2130 1108 2163 autem
1142 2126 1372 2164 inimicitiae
1407 2126 1508 2163 inter
1539 2124 1643 2163 hunc
1677 2129 1716 2162 et

183 2188 394 2227 Maximum
428 2189 633 2240 quendam,
667 2191 733 2240 qui
769 2187 887 2240 ‘quod
920 2189 1040 2228 libros
1079 2189 1141 2228 uel
1181 2202 1251 2240 pro
1285 2202 1325 2228 se
1359 2189 1422 2228 uel
1455 2190 1494 2227 in
1527 2188 1714 2239 Plantam,

183 2255 302 2292 immo
342 2260 379 2293 et
418 2267 488 2305 pro
535 2268 575 2292 se
615 2256 725 2293 etin
772 2254 880 2293 illum
921 2250 991 2308 (ita
1038 2256 1142 2293 enim
1189 2256 1349 2293 materia
1397 2250 1593 2308 cogebatJ’
1638 2256 1713 2292 iam

185 2318 333 2357 ‘multis
385 2320 847 2371 lege1·a1*lege11d0sqt1e
901 2318 1089 2370 dederat',
1141 2333 1228 2358 cum
1275 2317 1489 2358 ‘inimicus'
1536 2325 1713 2358 mortuus

184 2391 305 2435 esset,
345 2391 387 2423 ut
426 2385 531 2423 salua
572 2392 673 2424 esset
715 2387 956 2424 constantiae
997 2398 1089 2424 suae
1124 2386 1241 2436 sama,
1281 2398 1299 2423 a
1334 2385 1459 2423 Plinio
1492 2384 1713 2423 admonitus

306 2542 337 2584 1)
368 2542 405 2574 In
434 2542 675 2576 adnotatione
703 2542 842 2576 mentio
870 2541 1042 2576 facienda
1070 2544 1126 2575 est
1151 2541 1313 2585 Attici,
1344 2552 1365 2574 a
1386 2540 1559 2575 Martiale
1586 2545 1617 2583 ⁶2,
1641 2544 1670 2583 7,
1696 2545 1710 2574 1

185 2604 228 2635 sta.
253 2596 405 2628 811839,
438 2598 480 2628 ut
513 2607 593 2628 cum
628 2606 753 2629 omncs
786 2607 843 2629 res
876 2595 991 2638 belle,
1029 2597 1107 2629 tum
1144 2594 1276 2629 ‘bellas
1309 2594 1499 2628 historias’
1541 2593 1714 2628 facientis

184 2647 205 2680 i.
229 2658 257 2681 e.
286 2648 411 2691 magni
451 2648 654 2682 ardalionis
694 2649 801 2683 irrisi.
849 2660 981 2683 nomen
1021 2649 1119 2682 enim
1158 2649 1236 2683 eius
1270 2650 1325 2682 est
1357 2648 1482 2682 fictum
1515 2659 1634 2692 neque
1671 2658 1713 2681 ex

184 2703 316 2744 poetae
353 2712 519 2735 sermone
559 2702 724 2746 adparet,
765 2702 893 2746 quales
933 2713 1011 2737 esse
1045 2701 1219 2736 historias
1254 2701 1428 2741 noluerim
1462 2700 1607 2735 fabulas
1635 2700 1710 2734 ueri

185 2753 305 2787 simile
338 2757 402 2787 est.
428 2776 469 2778 —
498 2755 544 2788 M.
573 2755 764 2799 Aquilium
798 2755 981 2800 Regulum
1015 2755 1134 2799 omisi,
1173 2755 1261 2799 quia
1300 2754 1414 2798 filius,
1453 2754 1556 2788 euius
1596 2753 1712 2788 uitam

188 2807 396 2851 scripserat,
426 2808 597 2842 trimulus
624 2811 791 2843 mortuus
819 2811 882 2843 est.
