1842 3133
541 99 578 134 C.
606 98 873 133 CORNELIVS
902 98 1116 133 BOCCHVS
1448 111 1593 141 cxxnl

67 213 183 251 etiam
217 213 257 250 in
291 211 408 249 rebus
441 210 728 261 geographicis,
769 210 815 249 ad
849 223 944 261 quas
978 212 1105 248 omnia
1145 211 1229 248 eius
1264 210 1477 260 fragmenta
1506 222 1593 261 per-

67 279 209 327 tinent,
254 276 517 326 digressiones
562 276 706 324 largam
753 277 952 314 uariarum
994 288 1124 314 rerum
1164 276 1366 314 materiam
1411 275 1593 326 suppedi-

68 338 301 396 tauerunt.¹)

505 495 857 541 AGRIPPINA
896 495 1147 542 CLAVDI]

185 615 291 654 llanc
320 610 468 668 (natam
496 628 527 652 3.
561 611 711 665 14767
741 614 804 652 uel
835 611 1000 666 15768,
1035 620 1228 653 mortuam
1256 611 1433 669 5961‘2)
1458 613 1593 653 ‘uitam

68 694 176 719 suam
220 686 254 719 et
297 693 411 719 casus
454 692 613 718 suorum
656 681 823 730 posteris
858 678 1110 718 memorasse’
1152 680 1310 718 Tacitus
1351 693 1437 718 31111.
1467 681 1513 718 lv
1541 678 1596 717 53

67 746 255 798 prodidit,
301 747 366 797 qui
405 746 498 783 item
539 745 775 796 colloquium
816 744 1010 796 quoddam
1050 746 1185 783 matris
1233 759 1320 783 cum
1362 747 1597 796 imperatore

67 812 224 850 Tiberio
258 811 473 850 secundum
507 811 576 849 lios
610 808 943 849 ‘commentarios'
978 816 1129 863 narrat3
1171 816 1328 862 praeter
1368 824 1455 849 eum
1492 811 1597 849 solus

69 878 216 916 Plinius
242 878 281 915 in
310 876 476 915 naturali
504 876 665 914 historia
693 878 777 914 eius
805 878 985 915 meminit
1011 881 1053 915 ut
1081 878 1323 915 certissimae
1353 876 1399 915 de
1429 876 1597 914 Neronis

69 944 248 994 genitura
282 944 403 981 testis.
468 943 579 980 cuius
612 955 699 980 cum
734 947 871 980 natura
912 947 950 980 et
988 942 1137 980 indoles
1179 943 1271 980 satis
1306 947 1418 980 notae
1453 947 1597 992 essent,

69 1008 181 1047 multi
206 1008 325 1047 multa
353 1009 392 1046 111
420 1009 476 1046 eis
498 1009 642 1058 scripta
671 1008 792 1045 fuisse
820 1009 1154 1058 excogitauerunt,
1182 1007 1249 1046 sed
1278 1020 1376 1058 quae
1398 1007 1441 1046 R.
1463 1006 1596 1058 Ratl'ay

70 1076 164 1121 (Die
210 1075 429 1112 illemoe'ren
478 1075 551 1112 der
595 1075 789 1112 It'm'sere'n
835 1074 1077 1123 Afflv'smina,
1133 1075 1241 1112 Il'ien
1292 1073 1443 1121 1884),
1488 1074 1595 1111 omni

71 1139 322 1178 fundamento
351 1145 495 1189 carent,
529 1144 644 1190 atque
672 1151 719 1177 ne
746 1138 920 1177 Ranltius
948 1138 1118 1190 quidem,
1152 1138 1255 1190 quod
1282 1139 1471 1190 Tacitum,
1500 1152 1597 1189 quae

72 1205 117 1243 de
150 1210 274 1243 morte
309 1204 529 1243 Germanici
564 1204 770 1254 declamat,
811 1217 855 1242 ex
897 1205 953 1243 eis
993 1204 1171 1242 hausisse
1212 1206 1436 1255 suspicatur
1469 1206 1597 1251 (Ana-

70 1272 197 1310 leh-ten
224 1284 267 1319 J).
291 1270 406 1320 299),
441 1271 622 1321 cuiquam
655 1270 728 1308 hoe
761 1271 1014 1321 persuaserit,
1048 1275 1113 1308 aut
1145 1269 1360 1308 Mommsen
1390 1271 1599 1316 (Bericlete

71 1338 106 1375 d.
126 1349 193 1385 pr.
221 1337 296 1374 Alf.
324 1336 521 1374 XXXIX
542 1333 699 1388 [1904]
719 1349 759 1385 p.
783 1336 929 1383 1155),
969 1335 1072 1386 quod
1106 1335 1342 1387 colloquium
1376 1335 1527 1374 Tiberii
1561 1340 1599 1374 et.

71 1402 305 1453 Agrippinae
345 1402 503 1439 maioris
538 1398 650 1454 (svin.
679 1402 747 1439 JV
768 1402 823 1439 5?
844 1414 911 1450 sq„
952 1400 1088 1452 quidni
1120 1401 1223 1455 *haee
1261 1402 1345 1452 ipse
1384 1406 1427 1439 ut
1466 1401 1600 1439 rhetor

72 1466 250 1518 pluribus
289 1462 600 1521 cxmnaueritffl.
663 1466 758 1505 illud
793 1472 940 1505 constat
977 1479 1060 1505 eam
1094 1479 1170 1505 non
1212 1468 1369 1505 ueritati
1404 1466 1472 1505 sed
1505 1479 1597 1505 suae

72 1532 275 1583 cupiditati
302 1531 525 1583 indulsisse,
551 1533 715 1583 uerique
744 1537 803 1571 est
830 1532 955 1571 simile
982 1533 1087 1571 1113111
1110 1532 1188 1570 filio
1216 1545 1286 1570 suo
1313 1532 1359 1571 ad
1387 1533 1597 1583 imperium

73 1597 367 1649 adipiscendum
401 1610 485 1636 cani
518 1599 672 1636 munire
706 1598 897 1648 uoluisse,
935 1603 1140 1649 postquam
1174 1599 1405 1649 imperatori
1439 1597 1598 1636 Claudio

72 1664 220 1714 nupsit,
260 1664 282 1700 i.
312 1677 342 1701 e.
371 1668 457 1714 post
490 1676 635 1702 annum
668 1661 843 1715 49J8023
883 1676 1010 1715 neque
1051 1665 1155 1701 enim
1189 1664 1401 1715 quidquam
1436 1664 1598 1715 spreuit,

73 1728 175 1780 quod
208 1728 382 1767 consiliis
416 1730 497 1767 suis
531 1729 777 1768 commodum
811 1735 926 1780 esset,
960 1729 1217 1780 habebatque,
1252 1742 1322 1767 cur
1355 1728 1499 1767 Neroni
1526 1730 1598 1767 im-

72 1795 243 1845 peratori
281 1794 513 1845 obsequium
552 1796 592 1833 in
631 1800 795 1833 matrem
836 1796 993 1833 exuenti
1033 1796 1251 1833 minaretur
1294 1792 1387 1833 ‘non
1427 1794 1598 1833 abnuere

74 1873 132 1911 se,
171 1861 264 1911 quin
299 1865 437 1898 cuncta
471 1860 639 1899 infelicis
673 1860 810 1899 domus
844 1860 942 1899 mala
974 1861 1223 1911 patefierent,
1263 1873 1355 1899 suae
1389 1861 1427 1899 111
1460 1861 1599 1912 primis

73 1927 242 1977 nuptiae,
277 1938 389 1964 suum
423 1924 673 1965 ueneficium’
709 1927 823 1971 (Tac.
853 1939 945 1965 ann.
975 1927 1093 1965 XIII
1120 1927 1207 1973 14).
1270 1938 1359 1964 nam
1400 1927 1431 1964 si
1465 1930 1599 1964 contra

74 1991 195 2029 filium
228 1992 505 2042 imperatmem
539 1993 840 2031 commentarios
880 1992 1186 2043 composuisset,
1231 1991 1270 2030 id
1310 1991 1411 2042 quod
1449 2003 1520 2042 per
1558 2004 1599 2029 se

74 2069 161 2095 cum
207 2058 291 2095 eius
335 2057 583 2107 prouidentia
624 2062 659 2096 et
707 2059 886 2096 cautione
927 2062 1085 2108 pugnat,
1132 2057 1244 2096 facile
1279 2069 1345 2095 eos
1387 2069 1475 2095 cum
1515 2057 1599 2107 ipsa

74 2127 197 2160 matre
232 2122 466 2161 sustulisset.

463 2366 509 2413 C.
537 2366 888 2413 CORNELIVS
926 2366 1207 2413 BOCCHVS

198 2484 267 2522 Hie
319 2485 522 2523 Cornelius
573 2485 750 2524 Bocchus
800 2491 885 2536 post
939 2486 1170 2524 Mommseni
1221 2485 1433 2523 editionem
1479 2485 1600 2523 Solini

78 2545 132 2603 (p.
166 2549 216 2587 XI
238 2547 340 2603 sqq.)
386 2551 489 2588 inter
533 2551 740 2589 historicos
785 2551 978 2589 Romanos
1024 2555 1266 2588 numeratur.
1342 2551 1600 2589 inueniuntur

78 2616 182 2653 enim
214 2616 253 2653 in
282 2616 365 2653 eius
393 2615 642 2654 collectaneis
669 2621 782 2654 notae
810 2615 1000 2666 quaedam
1029 2616 1384 2666 clirmiograplticae
1412 2616 1600 2653 l'linianis

199 2719 230 2761 1)
258 2718 431 2751 Muenzer
459 2718 570 2762 Quen.
592 2719 625 2752 d.
648 2719 746 2752 Pztn.
768 2730 802 2762 p.
827 2722 893 2752 390
909 2730 986 2762 sqq.
1009 2718 1121 2752 etiam
1146 2718 1211 2750 VII
1241 2722 1282 2752 74
1299 2730 1349 2761 sq.
1377 2718 1461 2751 XIII
1489 2722 1527 2751 91
1547 2730 1598 2761 sq.

80 2770 111 2804 V
135 2774 177 2804 14
210 2770 406 2805 Claudium
432 2771 581 2805 subesse
612 2771 831 2815 suspicatur.
