1842 3133
204 79 338 113 AVCT.
358 79 382 112 A
407 78 542 112 TREB.
560 80 797 115 POLLIONE
819 83 879 117 ET
902 84 967 117 FL.
984 82 1183 117 VOPISCO
1206 82 1321 117 NOM.
1361 83 1650 113 CLXXXXVIHI

127 192 314 242 Vopiscus
348 190 422 230 sihi
455 197 724 242 proposuerat,
758 199 872 244 atque
900 194 1129 233 Diocletiani
1165 196 1364 244 pertinent
1398 199 1651 244 tyrannorum

125 256 280 295 Proculi
314 257 534 308 Bonosiquc
569 262 607 295 et.
639 258 888 309 imperatoris
916 261 1047 298 ‹lai-ini
1082 261 1354 298 infamationes
1387 259 1488 310 apud
1516 258 1653 297 Onesi-

127 335 231 361 mum
266 328 303 361 et
335 321 517 360 Fuluium
550 323 797 373 Asprianum.

244 387 319 426 Sed
353 399 567 438 persequar
599 389 785 440 singulos,
819 391 892 428 etsi
920 403 1041 441 pauca
1076 390 1197 428 haheo
1232 402 1329 440 quae
1364 389 1512 427 addam.
1565 402 1651 427 nam

124 453 309 504 pleraque
343 452 507 503 singulis
539 453 603 491 uel
637 455 883 505 testimoniis,
917 468 1015 506 quae
1049 455 1094 493 ad
1128 455 1294 493 uerbum
1323 454 1518 505 descripta
1548 467 1653 493 nnnc

123 518 314 569 colligam,
348 518 410 557 uel
444 519 684 569 fragmentis,
718 533 816 571 quae
850 522 949 559 infra
978 520 1203 570 recensebo,
1238 521 1501 559 continentur.

241 583 294 622 De
334 584 622 635 Caelestino,
661 598 777 636 quem
817 591 1018 624 auctorem
1058 585 1278 624 Trebellius
1325 587 1439 623 etiam
1488 587 1525 624 in
1573 586 1651 623 nita

124 650 288 689 Gallieni
321 651 408 698 (14,
436 652 480 697 9)
515 662 600 689 esse
634 656 792 689 secutus
825 651 994 701 uidetur,
1027 651 1105 689 uid.
1134 652 1180 688 fr.
1213 649 1230 689 1
1262 665 1293 688 ‹·.
1321 651 1407 689 adn.
1443 664 1475 701 p.
1508 649 1602 689 147.

240 715 294 753 De
327 715 539 754 Palfurio
567 716 683 754 Sura
716 716 789 755 hoc
816 723 872 754 est
902 717 1170 755 testimonium
1192 715 1378 754 Trebellii
1401 716 1495 755 Gall.
1521 714 1584 766 18,
1607 715 1650 754 6:

122 782 303 830 Lon-(sum
337 787 394 820 est
427 784 511 820 eius
546 780 747 831 [Gallieni]
783 788 931 820 cuncta
972 785 1012 820 m
1045 784 1202 820 lilleras
1234 784 1404 829 mittere,
1443 794 1547 830 quae
1585 785 1654 830 ‘sm'

124 849 226 885 uolet
257 850 375 895 scire,
402 849 511 895 ἱεραί
547 847 774 896 Palfurium
808 848 967 895 Suram,
1011 850 1080 895 qui
1113 848 1392 896 ephemeridas
1424 850 1510 885 eius
1543 850 1653 886 vilae

121 915 350 961 composuit.
407 916 491 950 erat
535 913 637 950 enin]
684 912 758 951 hoc
801 912 946 951 Romae
992 912 1038 950 ab
1078 913 1251 962 Augusto
1291 913 1565 962 constitutum,
1611 917 1653 950 ut.

121 977 250 1016 liberti
302 978 399 1015 facta
452 977 604 1016 dictaue
656 979 694 1016 in
741 979 1043 1016 commentarios
1090 978 1302 1028 referrent,
1355 977 1458 1028 quod
1509 990 1652 1016 munus

120 1042 328 1081 Alexandri
373 1044 510 1081 Seueri
556 1048 679 1082 aetate
725 1043 771 1081 ad
816 1049 962 1082 tantam
1002 1044 1274 1082 auctoritatem
1314 1049 1568 1094 peruenerat,
1611 1048 1652 1081 ut

119 1109 236 1147 etiam
264 1107 310 1146 ad
337 1120 415 1159 eos,
442 1109 510 1159 qui
536 1109 664 1147 officio
699 1107 733 1147 ‘a
767 1106 975 1147 nlandatis⁷
1008 1110 1206 1160 perfuncti
1239 1114 1381 1159 essent,
1420 1108 1651 1147 deferretur.

121 1186 208 1212 nam
242 1173 344 1225 quod
377 1174 417 1212 in
450 1175 707 1225 inscriptione
733 1174 987 1226 Theoprepes
1018 1172 1267 1225 ‘procurator
1300 1174 1346 1212 ab
1380 1171 1648 1225 ephemeride'

119 1244 450 1278 commemoratur
470 1240 631 1286 (Gescle.
654 1240 746 1279 Lm.
769 1241 794 1277 Ι
807 1253 849 1289 p.
871 1240 959 1278 350
972 1252 1027 1288 sq.
1049 1239 1137 1278 370
1150 1241 1239 1290 sq),
1261 1238 1454 1278 Graecum
1483 1239 1648 1278 uerbum

121 1317 189 1355 pro
216 1304 353 1344 Latino
381 1304 636 1344 substitutum
665 1310 800 1355 exstat,
828 1310 870 1344 ut
904 1306 1022 1343 etiam
1056 1317 1075 1343 a
1103 1304 1334 1355 Symmacho
1367 1318 1425 1354 ep.
1449 1305 1516 1343 IV
1536 1304 1603 1355 18,
1625 1306 1649 1342 5

119 1371 297 1408 Caesaris
332 1364 585 1421 ‘ephemeris'
620 1371 763 1409 citatur
801 1377 916 1422 atque
955 1383 975 1409 a
1009 1370 1172 1421 Vopisco
1213 1369 1412 1409 Aureliani
1451 1367 1650 1420 ‘epheme—

121 1434 238 1474 rides'
263 1437 363 1483 (uid.
385 1436 497 1485 infra
514 1448 558 1485 p.
582 1449 658 1474 CCII
673 1438 761 1485 sq).
796 1441 876 1474 tum
910 1448 1005 1474 uero
1040 1448 1154 1486 quem
1183 1435 1229 1473 ad
1256 1435 1414 1474 modum
1441 1435 1650 1485 Eumenes,

119 1501 322 1551 lliodotus,
356 1501 513 1540 Strattis
553 1503 678 1552 ipsius
716 1503 820 1553 regis
857 1500 1068 1539 Alexandri
1107 1501 1380 1552 ephemerides
1420 1506 1649 1540 retractatas

118 1568 199 1605 suis
233 1566 459 1605 nominibus
492 1566 711 1617 ediderunt,
748 1568 804 1605 sic
838 1568 954 1605 etiam
989 1566 1085 1605 Sura
1122 1566 1288 1605 Gallieni
1316 1568 1476 1613 (Gesch.
1506 1567 1598 1605 ΠΝ.
1632 1568 1653 1604 Ῑ

109 1646 152 1682 γρ.
179 1633 297 1683 371),
337 1633 449 1671 cuius
488 1632 710 1684 uoluptates
749 1632 853 1684 quod
890 1638 934 1671 ut
973 1633 1088 1670 etiam
1129 1631 1317 1670 Trebellii
1357 1632 1527 1670 taedium
1568 1645 1649 1670 nio-

117 1703 229 1736 neret
260 1703 317 1736 tot
349 1699 608 1748 enumerauit,
641 1697 829 1749 explicari
862 1710 938 1736 non
972 1703 1101 1749 potest
1140 1698 1217 1736 nisi
1256 1699 1325 1748 ita,
1359 1703 1396 1735 ut
1434 1710 1522 1736 enm
1556 1697 1648 1736 adu-

118 1763 221 1802 landi
266 1763 470 1802 Claudium
517 1775 632 1802 causa
677 1776 742 1802 eas
793 1764 990 1801 recoxisse
1040 1764 1292 1801 coniciamus.
1350 1775 1443 1801 num
1490 1768 1648 1814 praeter

117 1842 147 1867 r.
173 1826 450 1880 16,1—18‚5
478 1828 698 1867 Trebellius
725 1841 815 1868 eum
843 1834 931 1868 ante
959 1829 1092 1867 oculos
1119 1828 1311 1879 hahuerit,
1339 1827 1441 1879 quod
1470 1828 1645 1867 Enmann

120 1896 399 1944 Kaiserqeseh.
418 1907 461 1944 p.
488 1895 576 1933 376
607 1894 743 1945 uoluit,
777 1900 882 1933 certa
914 1895 1081 1944 uestigia
1114 1906 1191 1932 non
1225 1898 1425 1945 apparent.

235 1959 385 1999 Iulius
440 1960 728 1999 Atherianus
785 1959 847 1999 uel
905 1959 1193 1998 Haterianus
1251 1961 1351 2006 (uid.
1386 1959 1460 2008 fr.)
1515 1959 1647 1998 rhetor

116 2025 285 2064 Gallicus
311 2025 471 2064 uidetur
497 2025 619 2065 fuisse
647 2031 685 2064 et
711 2027 790 2073 (Sic
817 2026 998 2064 Ribbeck
1020 2026 1140 2064 Proll.
1163 2027 1218 2063 acl
1246 2025 1390 2073 Ver-(sil.
1407 2037 1447 2073 p.
1474 2025 1556 2062 [77
1568 2027 1645 2073 sq.)

116 2091 281 2130 fortasse
313 2091 435 2141 idem,
475 2103 591 2142 quem
625 2090 771 2130 scholia
804 2090 1042 2129 Veronensia
1076 2089 1295 2141 Vergiliana
1341 2095 1380 2128 et.
1424 2089 1644 2129 Macrobius

116 2152 208 2209 (sat.
231 2158 304 2196 III
324 2156 363 2206 8,
383 2157 421 2208 2,
454 2156 522 2195 ubi
555 2156 698 2195 Caluus
732 2152 893 2210 dicitur)
928 2155 1112 2195 Aeneidis
1148 2161 1297 2194 textum
1336 2160 1374 2194 et
1414 2155 1643 2194 emendasse

116 2227 154 2261 et
185 2222 403 2261 illustrasse
435 2222 608 2261 tradunt.

232 2287 436 2326 Maeonii
480 2288 780 2339 Astyanactis
827 2288 981 2337 (κήκ)
1029 2292 1066 2325 et
1110 2299 1253 2325 nomen
1299 2288 1580 2325 etworationes
1623 2300 1641 2325 a

115 2352 309 2391 Trebellio
342 2353 430 2391 ficta
464 2365 550 2392 esse
570 2352 773 2391 Woelfflin
800 2354 1191 2402 (Bayer.Academ2'e
1218 2353 1498 2400 Sitzunysber.
1527 2351 1639 2390 1891

108 2431 151 2467 p.
179 2418 264 2456 509
283 2420 359 2467 sq.)
394 2420 627 2469 suspicatur,
659 2418 738 2457 uid.
766 2420 842 2457 Die
869 2419 1016 2468 Scre‘pt.
1043 2420 1079 2456 le.
1108 2418 1154 2456 Α.
1172 2430 1216 2466 p.
1238 2417 1335 2455 233.

234 2483 287 2522 De
320 2483 540 2522 Cornelio
574 2483 843 2534 Capitolino
875 2483 954 2522 uid.
983 2484 1027 2521 sr.
1054 2496 1090 2534 p.
1114 2480 1209 2521 149.

233 2548 287 2587 De
319 2548 530 2599 Dagellio
564 2549 711 2587 Fusco
744 2550 840 2599 siue,
870 2554 913 2587 ut
938 2549 1063 2587 uoluit
1090 2548 1302 2587 Salmasius
1324 2549 1463 2594 (etiam
1489 2549 1640 2587 Bessan

119 2615 249 2653 Herm.
272 2614 339 2662 24,
360 2615 478 2665 353),
511 2614 653 2653 Arellio
686 2614 812 2653 Fusco
844 2614 922 2652 uid.
951 2615 995 2652 fr.
1024 2627 1058 2665 p.
1089 2611 1183 2651 149.

233 2679 285 2717 De
320 2678 450 2717 Gallo
483 2680 732 2731 Antipatro
764 2679 844 2717 uid.
872 2680 916 2717 fr.
945 2692 979 2730 p.
1012 2676 1105 2717 149.

232 2743 285 2782 De
331 2743 586 2784 Callicrate
631 2745 788 2796 Tyrio,
822 2742 1077 2783 ‘Graecorum
1123 2744 1236 2795 longe
1278 2743 1504 2782 doctissimo
1545 2745 1637 2781 scri-
