1842 3133
184 138 372 167 CLXXXX
515 136 578 170 DE
606 137 914 173 SCRIPTORVM
939 139 1063 174 VITIS
1089 140 1151 174 ET
1178 139 1386 175 SCRIPTIS

183 262 229 287 an
264 261 366 287 unus
400 261 443 287 ex
481 248 632 287 libertis
664 250 916 300 imperatoris
944 251 1124 301 Septimii
1152 251 1303 302 Seueri,
1336 264 1425 291 nam
1459 253 1562 304 quod
1588 255 1720 305 priore

182 314 266 352 loco
314 315 351 351 in
398 313 532 352 codice
572 313 748 352 Palatino
792 327 937 353 nomen
983 317 1023 354 in
1064 315 1225 355 ‘minus'
1267 316 1427 369 desinit,
1472 318 1545 357 hoc
1589 320 1721 359 minus

185 379 467 417 dubitationem
513 385 644 417 mouet
691 393 807 430 quam
853 380 956 431 quod
1003 381 1130 420 fabula
1165 382 1210 421 de
1256 382 1487 433 Septimio
1526 383 1719 423 Arabiano

183 445 364 494 refertur,
398 450 513 495 atque
548 444 792 495 Gargilius
826 445 1079 497 Martialis,
1116 460 1232 498 quem
1266 448 1455 499 Vopiscus
1489 449 1607 488 Proh.
1634 450 1673 501 2,
1696 451 1722 488 7

182 511 288 548 iuxta
322 509 487 548 Marium
521 509 750 561 Maximum,
785 510 1017 550 Suetonium
1050 512 1335 563 Tranquillum,
1370 513 1533 552 Fabium
1565 514 1720 553 Martia-

182 575 258 613 lem
295 573 560 626 ⁷ceterosque,
600 577 667 626 qui
707 575 802 614 haec
843 583 879 615 et
919 577 1009 615 talia
1049 590 1127 616 non
1165 583 1244 617 tam
1285 578 1431 617 diserte
1471 592 1587 630 quam
1627 592 1721 619 uere

181 642 395 679 memoriae
429 639 718 692 prodiderunt',
752 643 792 679 in
827 643 1016 693 exemplis
1050 645 1132 682 suis
1165 645 1286 694 ponit,
1321 649 1358 682 et
1391 643 1639 695 Lampridius
1675 658 1720 684 eo

182 706 278 757 loco,
310 706 378 744 ubi
412 706 457 745 de
492 706 744 757 simplicitate
778 709 953 746 conuiuii
980 708 1191 747 Alexandri
1225 709 1357 748 diurni
1389 709 1509 748 uerba
1544 710 1646 761 facit,
1680 723 1721 750 se

183 771 285 810 nolle
320 773 450 810 omnia
482 773 661 811 inserere
696 772 814 823 addit,
848 786 947 824 quae
981 774 1044 812 ille
1080 772 1181 813 ‘eius
1214 776 1404 825 temporis
1438 776 1610 826 scriptor
1642 777 1721 815 sin-

183 837 345 888 gillatim
386 843 620 888 persecutus
654 836 718 876 sit’
749 839 835 887 (37,
863 840 921 888 9),
956 840 1120 878 sortasse
1159 839 1276 889 idem,
1316 841 1384 891 qui
1417 840 1462 878 de
1498 853 1539 879 re
1573 843 1720 880 rustica

183 901 465 954 ‘pulcherrime
499 908 537 941 et
565 901 788 954 diligenter’
813 904 1015 951 (Cassiod.
1038 908 1126 944 inst.
1150 907 1231 944 diu.
1254 908 1326 944 Ze'tl.
1348 906 1424 953 28)
1454 908 1558 945 inter
1585 906 1722 946 Galeni

181 974 349 1007 mortem
378 964 430 1021 (a.
452 965 558 1022 201)
588 974 626 1007 et
658 969 886 1019 Palladium,
920 972 987 1021 qui
1020 983 1051 1009 a.
1081 971 1162 1009 fere
1190 968 1275 1010 355
1310 983 1354 1009 eo
1388 984 1484 1010 usus
1518 977 1588 1022 est,
1621 984 1719 1023 opus

183 1034 352 1084 doctum,
387 1035 501 1073 cuius
534 1040 719 1085 excerpta
753 1034 799 1072 ad
832 1047 904 1073 nos
936 1042 1218 1086 peruenerunt,
1252 1038 1424 1087 scripsit,
1452 1036 1647 1088 idemque,
1677 1044 1721 1076 ut

183 1100 388 1138 Cichorius
423 1101 556 1147 (Stud.
584 1100 690 1149 ἱέμε.
718 1101 764 1138 Χ
782 1113 826 1149 p.
854 1101 941 1139 319
961 1103 1062 1150 sqq.)
1097 1103 1320 1152 suspicatus
1355 1107 1431 1153 est,
1469 1115 1557 1141 cum
1591 1104 1722 1154 equite

181 1165 358 1203 Romano
397 1166 598 1215 Auziensi,
639 1167 720 1215 cui,
764 1171 972 1217 postquam
1013 1166 1155 1205 multas
1195 1179 1258 1205 res
1296 1168 1337 1205 in
1381 1167 1519 1206 militia
1565 1169 1722 1219 egregie

182 1232 315 1281 gessit,
342 1231 498 1269 insidiis
525 1230 722 1269 Bauarum
749 1231 975 1270 Maurorum
1005 1231 1167 1283 decepto
1196 1232 1369 1271 coloniae
1393 1232 1599 1272 Auziensis
1626 1233 1721 1272 ordo

182 1310 213 1335 a.
248 1294 335 1335 260
378 1302 679 1335 monumentum
725 1298 857 1347 posuit
896 1298 959 1344 (C.
982 1298 1013 1335 I.
1042 1298 1085 1336 L.
1111 1299 1217 1336 VIII
1237 1298 1364 1336 9047.
1408 1300 1507 1348 Eph.
1535 1302 1661 1348 epiqr.
1693 1299 1728 1337 V

183 1363 299 1400 1300
323 1375 367 1412 J).
389 1358 549 1416 560).1)
600 1363 718 1400 etiam
757 1361 940 1401 Lollius
974 1362 1168 1401 Vrbicus
1201 1363 1405 1402 historiam
1439 1365 1499 1402 sui
1532 1365 1722 1415 temporis

183 1429 222 1465 in
248 1427 460 1466 Alexandri
494 1427 669 1466 fauorem
703 1440 914 1466 exornasse
947 1424 1164 1483 uidetu1·2),
1197 1428 1315 1479 idque
1348 1431 1413 1479 ita,
1451 1434 1495 1468 ut
1533 1429 1723 1480 epistulas

183 1499 248 1532 aut
280 1495 365 1544 ipse
399 1494 565 1543 fingeret
598 1499 663 1531 aut
696 1494 799 1532 fictis
831 1498 1023 1544 uteretur,
1056 1506 1131 1545 qua
1168 1507 1209 1533 re
1243 1507 1332 1533 cum
1365 1495 1426 1533 his
1460 1494 1722 1546 scriptoribus

183 1571 272 1597 eum
306 1560 503 1597 coniunxi.

302 1624 410 1662 Addo
438 1630 518 1663 tres
544 1625 649 1663 uitae
671 1624 829 1662 Traiani
857 1626 1084 1675 scriptores,
1111 1624 1304 1664 Fabium
1333 1622 1722 1679 Marcellinum3),

182 1690 427 1729 Aurelium
454 1690 640 1739 Verum,
675 1690 877 1729 Statium
905 1690 1164 1741 Valentem,
1193 1688 1457 1741 ξ([1110111116111
1487 1692 1571 1729 eius
1598 1692 1722 1730 uitam

183 1757 223 1794 in
250 1756 402 1794 litteras
429 1752 657 1806 miserunt',
683 1760 727 1793 ut
753 1756 807 1793 ait
833 1755 1083 1806 Lampridius
1104 1757 1219 1795 Alesc.
1241 1755 1310 1805 48,
1332 1757 1369 1807 6,
1397 1757 1465 1807 qui
1490 1762 1533 1795 ut
1558 1756 1722 1795 Alexan-

185 1821 315 1871 drum,
350 1833 427 1859 non
455 1820 678 1871 Traianum,
712 1822 753 1859 in
780 1819 968 1859 Ouinium
996 1821 1204 1860 Camillum
1232 1822 1450 1861 clementer
1476 1834 1517 1861 se
1551 1823 1721 1873 gessisse

184 1886 445 1936 demonstret,
485 1891 523 1924 et
563 1885 650 1923 illos
690 1891 725 1924 et
759 1886 926 1924 Marium
959 1886 1170 1925 Maximum
1208 1893 1252 1926 ut
1284 1894 1465 1926 auctores
1499 1889 1584 1926 eius
1615 1888 1722 1926 uitae

183 1953 416 2003 praecipuos
457 1952 581 1990 affert.
633 1957 749 2002 atque
783 1951 927 1990 Fabius
968 1951 1127 2002 quidem
1160 1952 1411 1990 Marcellinus
1448 1953 1565 1990 etiam
1598 1965 1618 1990 a
1651 1952 1723 1990 Vo-

182 2019 291 2068 pisco
326 2018 445 2056 Proh.
472 2017 511 2065 2,
536 2017 559 2054 7
593 2016 677 2055 loco
711 2016 826 2055 modo
860 2018 978 2055 citato
1017 2019 1122 2056 inter
1158 2019 1264 2057 uitae
1297 2019 1511 2068 scriptores
1544 2019 1722 2056 nomina-

182 2089 258 2133 tur,
299 2084 422 2121 ceteri
460 2084 620 2120 omnino
660 2083 784 2132 ignoti
824 2079 971 2136 sunm)
1024 2082 1071 2121 ad
1109 2084 1231 2121 uitam
1269 2087 1401 2121 tamen
1433 2082 1592 2121 Traiani
1634 2082 1721 2121 illu-

184 2147 385 2186 strandam
426 2160 469 2186 ea
510 2160 551 2186 re
591 2147 780 2186 uidentur
817 2147 978 2187 adducti
1017 2160 1121 2198 esse,
1159 2154 1203 2186 ut
1241 2147 1313 2186 sub
1354 2149 1439 2186 eius
1472 2149 1723 2199 imperatoris

304 2276 336 2317 1‘)
365 2273 452 2308 Sine
489 2284 602 2308 causa
633 2273 830 2307 Reinesius
863 2274 1023 2308 eundem
1057 2285 1141 2308 eum
1175 2285 1254 2308 esse
1286 2273 1408 2307 uoluit
1440 2285 1523 2308 eum
1551 2273 1723 2307 quentio

183 2327 358 2361 Martiale
386 2328 487 2371 apud
514 2327 697 2361 Ammian.
721 2327 873 2361 XXVIII
899 2332 932 2371 4,
955 2331 1009 2369 14,
1035 2339 1102 2372 pro
1135 2328 1315 2362 quenale
1346 2326 1474 2371 legens
1507 2328 1723 2362 quentium

182 2392 392 2425 nomenque
419 2383 586 2415 statuens
615 2380 825 2425 Gargilium
851 2380 1064 2415 quentium
1091 2380 1315 2414 Martialem.

304 2437 338 2479 2)
365 2434 545 2479 Borghesi
577 2434 702 2469 Oeuvr.
725 2434 775 2467 IX
802 2438 868 2468 302
904 2445 987 2468 eum
1015 2445 1036 2467 a
1064 2434 1103 2476 Q.
1126 2434 1245 2468 Lollio
1272 2434 1409 2468 Vrbico
1444 2433 1627 2478 originem
1656 2433 1723 2467 du-

183 2487 279 2522 xisse
307 2487 518 2532 suspicatus
546 2490 613 2530 est,
648 2487 887 2521 Kornemann
907 2487 1090 2523 (Hadrian
1118 2499 1151 2521 u.
1175 2488 1208 2522 d.
1230 2487 1343 2522 letzte
1372 2487 1487 2532 grosse
1513 2486 1724 2521 Historiker

184 2553 253 2575 von
274 2541 381 2585 Rom)
407 2541 485 2575 eius
511 2541 642 2583 filium,
670 2541 774 2575 cuius
802 2541 945 2575 somnia
972 2541 1036 2585 qui
1064 2552 1288 2585 cognoscere
1315 2540 1420 2583 uelit,
1447 2541 1570 2585 ipsum
1597 2540 1722 2575 adeat.

303 2600 337 2639 3,
365 2595 423 2627 Ad
451 2595 609 2628 eundem
635 2594 683 2629 M,
700 2594 915 2629 Wessmann
943 2607 1000 2639 ap.
1022 2594 1326 2638 Pauly-WViss.V
1347 2606 1375 2628 c.
1394 2598 1484 2628 1135
1513 2593 1722 2638 Gargilium

184 2647 397 2681 Martialem
427 2648 611 2681 ‘libellum
639 2648 843 2682 bot-‘micon
870 2658 914 2682 ex
942 2648 1172 2682 Dioscoridis
1198 2647 1303 2682 libris
1331 2647 1369 2681 in
1395 2647 1556 2681 latinum
1586 2657 1722 2680 sermo-

184 2712 268 2735 nem
297 2702 529 2735 conuersum'
558 2701 703 2735 misisse
732 2703 867 2735 censet.
891 2723 933 2726 —
961 2701 1099 2735 Fabius
1127 2701 1326 2735 Marcellus
1360 2700 1486 2745 posuit
1511 2700 1721 2734 Tarracone

184 2755 454 2789 monimentum
482 2755 517 2788 C.
541 2755 565 2788 I.
588 2755 626 2789 L.
648 2755 680 2788 II
707 2760 810 2789 4121.

304 2812 337 2846 4)
365 2809 409 2842 L.
432 2809 571 2843 Statius
599 2809 642 2842 L.
663 2811 689 2850 f.
715 2810 815 2853 Qetir.
841 2810 972 2844 Valens·
998 2808 1033 2843 C.
1056 2808 1080 2842 1.
1104 2809 1141 2842 L.
1169 2808 1196 2841 V
1225 2813 1242 2842 1
1270 2820 1305 2852 p.
1328 2811 1397 2841 524
1424 2820 1456 2842 n.
1480 2811 1582 2842 4974.
