1842 3133
586 117 757 151 AELIVS
784 116 948 151 IVNIVS
976 116 1161 151 CORDVS
1438 118 1643 147 CLXXXXI

110 230 247 280 optimi
287 230 418 280 specie
452 229 803 278 (Lampr.10,2),
844 240 960 278 quem
993 227 1203 266 Alexandri
1242 233 1353 278 pater
1390 229 1551 266 maximi
1591 229 1645 266 fa-

110 293 238 332 ciebat
271 294 358 342 (13,
385 294 443 344 2),
476 295 602 344 ipsius
634 294 804 331 uirtutes
839 292 1053 332 laudarent.

228 358 309 397 Hoc
349 358 521 397 studium
562 360 677 397 etiam
717 358 818 397 ultra
850 358 1061 397 Alexandri
1095 359 1306 408 imperium
1341 359 1495 397 mansit,
1554 371 1643 396 nam

110 425 227 462 etiam
266 423 388 462 breue
433 424 621 462 Maximi
666 423 951 474 Balbinique
991 423 1198 462 Suetonios
1239 436 1330 461 suos
1363 428 1549 462 nanctum
1585 429 1645 462 est

108 487 291 527 Aelium
326 488 567 539 Sabinum,
607 490 718 527 cuius
757 501 880 527 unum
921 489 1182 539 fragmentum
1219 494 1411 539 superest,
1446 494 1527 527 tum
1562 489 1644 526 Va-

109 553 281 592 lerium
314 553 642 593 Marcellinum
677 559 715 592 et
748 553 940 592 Curium
974 553 1385 604 Fortunatianum,
1421 553 1466 591 de
1500 554 1645 604 quilius

108 618 205 657 haec
238 618 481 670 Capitolinus
510 620 643 666 (illanc.
666 625 702 658 et
723 621 834 657 Ball).
857 620 895 669 4,
923 620 989 666 5).·
1022 620 1103 657 Sed
1125 622 1369 667 priusquam
1404 621 1453 657 de
1486 621 1646 658 aclibus

109 696 247 723 eorum
282 683 457 733 [Maximi
497 689 535 722 et
567 684 737 734 Balbini]
766 687 922 732 loquar,
948 686 1087 733 placet
1115 687 1253 732 aliqua
1281 686 1365 723 diei
1393 686 1441 722 de
1466 687 1647 723 moribus

110 755 231 797 alque
265 762 426 799 yenere,
465 761 542 788 non
584 761 628 788 eo
667 752 782 788 modo
825 762 901 797 quo
942 750 1086 788 Iunius
1124 750 1279 788 Cordus
1317 755 1374 788 est
1404 755 1647 798 persecutns

110 818 260 865 omnia,
298 817 371 853 sed
407 818 473 853 illo
512 827 589 863 quo
630 816 846 854 Suetonius
882 815 1140 863 Tranquillus
1179 820 1216 853 et
1252 815 1436 853 salerius
1470 815 1644 853 Mareel-

109 882 226 929 linus,
259 883 444 928 quamuis
476 881 622 919 Curius
648 881 981 929 Fortumttmnus,
1016 883 1086 928 qui
1118 891 1269 918 omnem
1300 882 1408 918 Imm}
1433 882 1645 919 historiam

100 948 357 996 perscripsit,
382 957 525 994 pauca
558 948 787 994 eonte'yere't,
826 946 981 984 Cordus
1020 957 1119 984 uero
1153 950 1233 984 tam
1266 947 1408 993 multa,
1448 950 1491 983 ut
1524 949 1645 984 etiam

99 1013 302 1060 pleraque
335 1016 372 1049 el
403 1013 533 1049 me‘nus
564 1012 734 1049 honesta
758 1013 1064 1060 perserepsere't.
1116 1012 1266 1061 itaque,
1300 1011 1330 1048 si
1366 1010 1462 1048 fides
1491 1010 1646 1061 Capito-

109 1075 188 1113 lino
220 1075 399 1114 habenda
433 1081 503 1126 est,
536 1076 731 1126 originem
758 1088 804 1114 ex
831 1076 1057 1115 Marcellino
1086 1075 1235 1114 ducunt
1268 1077 1394 1126 capita
1425 1077 1510 1114 eius
1538 1077 1645 1114 uitae

110 1138 237 1192 5—7,
277 1153 375 1191 quae
420 1142 460 1179 in
506 1141 603 1179 haee
646 1140 768 1179 uerba
815 1141 1017 1180 desinunt:
1059 1139 1177 1180 ‘Haec
1218 1140 1264 1179 de
1306 1140 1483 1179 moribus
1529 1145 1645 1191 atque

109 1202 288 1256 ‘genere’
336 1205 513 1257 Denique
541 1203 762 1245 ‘historiam
796 1208 857 1245 sui
889 1205 1093 1257 temporis'
1124 1206 1169 1244 de
1198 1205 1453 1244 Gordianis
1487 1207 1647 1256 scripsit

112 1272 355 1310 Vulcatius
400 1271 738 1323 Terentianus,
788 1273 900 1311 euius
950 1285 1029 1311 uno
1075 1272 1293 1322 fragmento
1339 1271 1648 1322 imperatoribus

111 1336 319 1375 Gordianis
357 1337 464 1375 fauit.

466 1531 694 1579 AELIVS
733 1532 953 1579 IVNIVS
997 1532 1238 1579 CORDVS
1254 1529 1286 1587 ¹)

229 1651 376 1690 Notitia
407 1651 523 1690 huius
557 1653 775 1702 scriptoris,
809 1653 875 1702 qui
907 1651 1042 1690 multis
1075 1652 1281 1703 longisque
1315 1652 1547 1702 fragmentis
1574 1652 1648 1690 hoc

109 1717 295 1755 uolumen
338 1718 529 1767 onerauit,
569 1716 641 1754 soli
674 1716 893 1767 Capitolino
928 1717 1105 1768 debetur,
1139 1719 1205 1768 qui
1241 1718 1404 1756 forsitan
1438 1719 1522 1756 eius
1550 1719 1647 1756 seri-

109 1788 224 1833 ptura
258 1782 305 1820 ad
342 1783 445 1821 uitas
485 1781 612 1820 denuo
652 1781 943 1833 componendas
983 1788 1192 1821 reuocatus
1232 1784 1292 1821 sit.
1345 1795 1435 1821 nam
1474 1784 1514 1820 in
1552 1784 1649 1821 uitis

109 1848 186 1898 Pii,
219 1847 356 1897 Marci,
389 1847 497 1897 Veri,
530 1847 750 1885 Pertinacis
784 1847 856 1886 5111)
890 1847 1131 1886 Diocletiano
1165 1849 1324 1899 seriptis
1362 1849 1446 1886 eius
1479 1850 1646 1886 mentio-

110 1926 201 1952 nem
234 1925 312 1951 non
346 1913 449 1963 feeit,
482 1914 523 1950 in
557 1913 650 1951 solis
678 1912 803 1951 Clodii
828 1912 969 1964 Albini,
1002 1913 1317 1964 Maximinorum,
1346 1912 1648 1964 Gordianorum,

110 1979 268 2017 Maximi
308 1982 346 2016 et.
383 1976 553 2027 Balbini,
593 1989 692 2028 quae
733 1977 804 2015 sub
839 1977 1095 2016 Constantino
1136 1983 1243 2017 ortae
1277 1984 1379 2017 sunt.
1432 1978 1501 2017 sed
1536 1978 1645 2017 dubi-

110 2045 298 2083 tationem
337 2047 470 2081 mouet
508 2041 626 2093 Opilii
664 2042 846 2094 Macrini,
886 2056 985 2093 quae
1024 2043 1071 2082 ad
1103 2043 1389 2082 Diocletianum
1422 2045 1542 2082 missa
1576 2049 1648 2083 est.

110 2110 151 2148 in
184 2109 257 2147 hac
288 2113 419 2146 tamen
451 2107 588 2146 Iunius
622 2107 773 2146 Gordus
805 2109 846 2146 in
880 2108 960 2147 solo
993 2110 1195 2159 prooemio
1229 2114 1571 2160 commemoratur,
1604 2114 1648 2148 ut.

232 2248 264 2291 1)
292 2246 330 2279 B.
359 2245 522 2279 Niehues
555 2247 614 2280 De
640 2247 718 2280 ΑΘΖ,
748 2247 864 2281 Cordo
895 2259 1017 2282 rerum
1049 2248 1303 2292 Augmstarnm
1340 2249 1529 2292 scriptore,
1566 2247 1646 2281 Ind.

110 2301 194 2334 leet.
224 2301 313 2333 aest.
344 2302 433 2333 1885
468 2299 626 2333 Monast.
655 2301 779 2344 <quem
814 2300 875 2334 hie
906 2300 1119 2334 nominasse
1153 2301 1244 2334 satis
1285 2300 1378 2344 erit).
1432 2300 1472 2334 G.
1501 2300 1646 2344 Tropea

111 2354 222 2388 Stucli
246 2353 343 2398 degli
362 2352 491 2395 Seript.
513 2353 594 2386 hist.
616 2354 712 2398 Any.
734 2354 804 2387 IV.
833 2354 920 2388 Elio
944 2354 1059 2388 Cordo
1080 2354 1164 2388 Vita
1192 2366 1208 2388 e
1232 2354 1455 2396 frammenti,
1481 2353 1647 2387 Messina

113 2410 216 2449 1900,
243 2406 307 2449 qui
334 2416 406 2439 non
434 2405 552 2440 solum
578 2405 661 2450 ipsa
688 2406 900 2450 fragmenta
927 2407 992 2440 sed
1019 2407 1133 2441 etiam
1155 2418 1216 2440 eas
1236 2409 1363 2451 partes
1385 2418 1429 2440 ex
1448 2406 1533 2440 hist.
1550 2406 1645 2451 Aug.

113 2459 276 2504 collegit,
303 2469 398 2502 quae
426 2469 469 2492 ex
495 2458 613 2492 Cordo
642 2461 815 2503 sumptae
841 2470 921 2494 esse
948 2460 981 2494 ei
1008 2460 1235 2494 uiderentur.
1283 2459 1334 2494 Cf.
1357 2459 1472 2494 etiam
1498 2460 1648 2493 Daend-

111 2513 208 2547 liker
246 2512 285 2546 in
320 2512 531 2557 Bszceclzvnyer
569 2512 778 2547 Uoztersuch.
805 2524 833 2547 z.
861 2517 948 2547 rom.
970 2514 1218 2558 Kaiseryeseh.
1246 2513 1296 2547 III
1321 2525 1356 2557 p.
1379 2517 1578 2547 306—314.
1601 2534 1646 2538 —

111 2566 193 2600 Etsi
232 2564 465 2609 Capitolinus
503 2565 692 2609 plerisque
730 2565 821 2600 locis
853 2577 926 2600 uno
959 2566 1109 2600 nomine
1142 2566 1240 2600 hune
1273 2566 1432 2600 Cordum
1467 2565 1646 2610 appellat,

112 2622 238 2654 tamen
270 2618 369 2652 idem
403 2617 546 2652 duobus
580 2618 635 2663 (fr.
658 2623 688 2653 2.
713 2623 744 2660 5)
779 2630 862 2653 eum
894 2619 1053 2662 Aelium,
1087 2619 1251 2663 quinque
1284 2619 1431 2653 iunium
1465 2619 1571 2661 dixit,
1605 2620 1647 2652 ut

113 2674 185 2707 duo
221 2671 372 2706 nomina
410 2671 578 2715 gentilia,
617 2672 656 2705 id
689 2672 788 2715 quod
820 2673 899 2706 tum
931 2672 1032 2706 haud
1064 2684 1188 2706 rarum
1219 2673 1303 2716 fuit,
1337 2673 1370 2706 ei
1404 2673 1540 2707 addere
1573 2683 1647 2706 non

114 2725 377 2767 dubitauerim,
410 2736 505 2769 quae
539 2725 727 2759 sententia
759 2727 796 2759 et,
828 2725 1052 2760 iudiciorum
1079 2728 1116 2760 et
1143 2728 1446 2771 argumentorum
1473 2725 1646 2760 similitu-

114 2780 200 2814 dine
228 2779 476 2813 confirmatur.
