1842 3133
416 114 523 149 AVL.
544 112 681 148 AVCT.
704 112 879 147 SCRIPT.
901 112 1020 146 HIST.
1043 112 1301 147 AVGVSTAE
1402 113 1661 143 CLXxxvnn

186 272 400 320 AVLICI
437 270 766 318 AVCTORES
807 270 1208 317 SCRIPTORVM
1248 269 1591 317 HISTORIAE

722 354 1063 400 AVGVSTAE

157 452 224 502 qui
256 452 361 489 inter
394 452 652 501 imperatores
680 448 944 487 Alexandrum
978 449 1171 487 Seuerum
1205 454 1244 487 et
1276 448 1494 487 Gordianos
1526 450 1630 486 uitas

602 520 665 558 uel
700 520 904 558 historiam
938 521 1185 570 scripserunt

644 599 755 644 (inter
782 609 897 632 annos
925 600 1137 642 ‘zea—244.)

246 688 474 739 Sequuntur
507 688 721 737 scriptores
755 685 834 724 sola
867 685 1055 724 historiae
1082 686 1278 736 Augustae
1312 687 1545 724 auctoritate
1573 687 1661 735 nisi,

126 766 294 804 quorum
333 765 456 804 paene
496 752 595 790 nihil
633 751 823 790 habemus
868 764 944 801 quo
987 751 1201 790 exilitatem
1240 753 1558 789 testimoniorum
1597 750 1662 789 uel

126 819 435 869 fragmentorum
474 817 739 868 suppleamus.
791 829 881 854 nam
921 818 1096 855 omnium
1135 818 1323 855 memoria
1362 823 1487 854 morte
1525 828 1661 854 eorum

124 885 424 935 imperatorum,
464 895 632 934 quorum
670 883 888 933 patrocinio
928 883 1004 932 ipsi
1051 882 1284 933 floruerant,
1323 881 1543 919 oblitterata
1590 886 1660 919 est.

124 950 292 987 maxime
338 953 468 987 autem
513 948 692 986 homines
734 947 926 985 litteratos
964 953 1007 985 ut
1046 959 1109 986 res
1150 960 1168 985 a
1209 960 1250 985 se
1289 952 1419 997 gestas
1464 948 1504 984 in
1551 959 1660 985 suam

123 1013 287 1064 gloriam
339 1013 576 1063 scriberent,
627 1014 815 1051 excitauit
859 1018 898 1051 et
948 1012 1043 1051 aluit
1093 1012 1385 1051 Alexander
1436 1012 1661 1050 Seuerus

124 1074 413 1133 (222-235),
446 1091 562 1129 quem
596 1079 646 1128 is,
686 1079 753 1129 qui
792 1079 1073 1129 panegyricum
1112 1079 1197 1117 eius
1237 1078 1303 1116 uel
1339 1078 1559 1128 composuit
1597 1076 1661 1115 uel

124 1145 300 1183 imitatus
334 1150 404 1195 est,
438 1143 688 1194 Lampridius
717 1144 773 1181 sic
800 1143 975 1181 laudauit
1001 1145 1053 1191 (e.
1075 1145 1113 1194 3,
1136 1145 1202 1192 4):
1235 1144 1320 1182 Nec
1352 1145 1474 1181 ualde
1507 1145 1662 1181 amauit

124 1210 315 1248 Latinam
349 1210 592 1260 facundiam
632 1211 706 1247 sed
742 1212 896 1248 amauit
934 1211 1135 1248 litteratos
1171 1211 1350 1248 homines
1391 1210 1661 1255 uehementer,

123 1286 191 1313 eos
241 1278 361 1314 etiam
413 1275 706 1325 reformidans,
757 1286 808 1312 ne
852 1276 953 1322 quid
995 1276 1044 1313 de
1092 1287 1136 1313 se
1186 1286 1373 1324 asperum
1422 1275 1661 1312 scriberent.

123 1341 296 1388 denique
329 1352 427 1389 quos
466 1342 609 1389 (Honos
648 1341 702 1378 ad
734 1341 780 1378 id
810 1351 894 1378 esse
926 1341 1103 1388 uidebat,
1135 1342 1298 1388 sinyula
1317 1352 1524 1388 quaeque,
1558 1351 1662 1387 quae

113 1406 282 1454 publice
320 1411 359 1444 et
391 1408 591 1455 priuatim
630 1407 794 1453 aqebat,
832 1417 874 1443 se
913 1408 997 1454 ipso
1038 1407 1206 1444 docente
1241 1407 1402 1444 uolebat
1435 1406 1661 1454 addiscere,

121 1473 158 1508 εἱ
184 1470 295 1519 forte
328 1474 405 1520 ipsi
437 1483 516 1510 non
549 1470 785 1520 adfuissent,
819 1482 947 1519 eaque
970 1472 1138 1520 petebat
1170 1475 1223 1520 ut,
1255 1473 1292 1509 si
1323 1482 1424 1509 uera
1451 1475 1592 1516 essent,
1619 1473 1660 1508 2'n

121 1537 278 1574 litteras
310 1539 525 1575 mitterent.
576 1535 746 1574 Felicius
778 1535 998 1574 Alexandro
1031 1548 1096 1574 res
1135 1537 1255 1574 cessit
1292 1537 1332 1573 in
1372 1534 1505 1573 Cassio
1537 1534 1661 1573 Dione

121 1605 162 1638 et
193 1600 314 1639 Mario
347 1601 532 1649 Maximo,
572 1613 738 1651 quorum
778 1613 851 1651 ope
885 1601 1032 1651 effecit,
1071 1606 1114 1640 ut
1148 1602 1298 1639 ratione
1332 1600 1408 1639 sibi
1440 1605 1661 1652 opportuna

123 1677 186 1704 res
222 1665 268 1704 ab
301 1665 606 1717 imperatoribus
634 1670 724 1704 ante
758 1678 799 1704 se
827 1671 958 1716 gestae
988 1666 1310 1705 describerentur
1336 1671 1374 1704 et
1401 1665 1448 1704 ad
1481 1671 1661 1716 posteros

122 1737 450 1782 propagarentur,
495 1731 565 1770 sed
609 1732 787 1782 ipsorum
839 1731 1057 1769 aulicorum
1108 1733 1280 1782 primum
1332 1731 1461 1769 locum
1510 1730 1661 1769 obtinet

123 1795 400 1848 Encolpius,
433 1810 509 1848 quo
542 1796 652 1835 illum
686 1796 991 1835 familiarissimo
1024 1809 1141 1835 usum
1175 1809 1262 1835 esse
1287 1801 1457 1835 testatur
1484 1796 1660 1847 Lampri-

122 1860 210 1899 dius
250 1874 282 1901 c.
311 1862 444 1913 17,1,
484 1863 547 1900 cui
593 1863 710 1900 etiam
756 1861 831 1900 duo
877 1862 1094 1912 fragmenta
1139 1864 1224 1901 eius
1268 1861 1425 1900 laudem
1471 1863 1659 1912 spirantia

121 1925 328 1979 debemus,
368 1926 501 1966 Ouinii
539 1933 671 1966 tamen
705 1926 858 1965 Camilli
897 1929 1091 1966 senatoris
1130 1940 1203 1966 neo
1242 1939 1387 1966 nomen
1420 1939 1493 1965 nec
1526 1939 1660 1965 rerum

122 2003 315 2030 nouarum
350 1992 524 2031 studium
558 1992 693 2031 multis
725 1992 860 2031 uerbis
895 1993 950 2042 fr.
979 1993 1005 2031 2
1040 1998 1272 2031 exornatum
1306 1992 1462 2031 aliunde
1497 1997 1659 2031 constat.

241 2057 341 2096 Tum
364 2057 410 2097 de
431 2059 618 2108 magistro
639 2057 850 2095 Alexandri
870 2057 1064 2096 Aurelio
1092 2058 1313 2109 Philippo
1342 2058 1415 2096 hoc
1442 2059 1659 2096 testimoni-

122 2134 189 2160 um
217 2128 344 2161 exstat
367 2125 461 2161 item
489 2122 704 2173 Lampridii
730 2122 837 2161 Alex.
853 2121 890 2173 3,
912 2121 937 2161 2
972 2124 1020 2161 In
1040 2126 1180 2173 prima
1199 2126 1386 2173 pueritia
1412 2125 1660 2162 litteratores

121 2188 263 2226 habuit
293 2189 496 2227 Valerium
531 2189 705 2227 Cordum
738 2194 775 2227 et
806 2189 843 2226 T.
875 2189 1081 2227 Veturium
1115 2194 1152 2228 et
1179 2190 1390 2227 Aurelium
1418 2189 1658 2237 Philippum,

122 2254 309 2291 libertum
327 2257 476 2304 patris,
503 2256 574 2302 qui
598 2256 725 2292 uitam
752 2256 837 2292 eius
853 2259 1000 2303 postea
1027 2257 1067 2292 in
1095 2257 1255 2293 litteras
1279 2256 1397 2302 misit,
1420 2253 1490 2291 ubi
1512 2251 1658 2302 ‘pater’

123 2317 411 2368 intellegendus
445 2324 503 2357 est
536 2320 673 2369 imper.
696 2318 743 2356 M.
765 2318 949 2357 Aurelius
977 2318 1185 2369 Caracalla,
1212 2320 1324 2357 cuius
1352 2318 1474 2357 filium
1502 2331 1542 2357 se
1571 2331 1657 2357 esse

122 2381 341 2421 Alexander
372 2383 507 2422 uoluit.
519 2379 551 2438 ²)

241 2448 472 2498 Argumenti
505 2448 721 2487 seruilitate
754 2449 846 2487 huic
879 2450 964 2500 pari
997 2451 1243 2488 associantur
1276 2449 1556 2499 Septimius,
1590 2450 1659 2499 qui

121 2513 245 2550 uitam
271 2512 480 2551 Alexandri
512 2512 604 2551 ‘non
631 2513 885 2552 mediocriter
918 2520 1126 2553 exsecutus
1160 2511 1240 2553 est'
1260 2515 1486 2563 (Lamprid.
1510 2515 1576 2563 17,
1599 2516 1657 2564 2),

123 2578 265 2616 citatus
298 2590 316 2615 a
352 2578 432 2616 solo
466 2578 691 2629 Lampridio
732 2578 883 2617 duobus
922 2579 1018 2618 locis
1050 2592 1127 2618 una
1167 2592 1257 2618 cum
1290 2579 1489 2630 Encolpio,
1522 2582 1656 2619 nescio

244 2730 276 2772 1)
309 2727 444 2762 Herod.
474 2727 506 2761 V
533 2732 563 2771 7,
586 2731 616 2762 3.
658 2728 702 2762 cf.
735 2728 866 2762 Mache
906 2729 1167 2774 Forsehnnslen
1206 2730 1292 2764 ¹iiber
1326 2730 1538 2764 Alexander
1575 2730 1655 2765 Seu.

122 2779 246 2825 Progr.
271 2780 397 2815 Suidn.
422 2785 511 2816 1873
538 2793 573 2826 p.
597 2785 616 2815 6
633 2793 684 2825 sq.
