1842 3133
185 135 375 165 CLXXXII
516 127 579 161 DE
609 123 914 158 SCRIPTORVM
941 123 1066 157 VITIS
1093 124 1154 158 ET
1182 123 1391 159 SCRIPTIS

182 245 315 296 plures
354 246 456 282 uitas
490 254 567 280 nou
600 240 803 279 coniunxit
837 233 935 291 (uid.
970 236 1012 275 G.
1041 235 1220 275 Schmidt
1252 238 1301 275 de
1328 237 1441 276 Rom.
1469 242 1560 276 arte
1589 239 1718 286 beffoyr.

175 324 218 360 p.
246 306 335 364 33),
381 309 484 360 quod
524 309 557 346 si
602 307 779 355 fecisset,
825 303 1025 341 Vulcatius
1066 301 1289 340 Gallicanus
1334 314 1411 340 non
1456 302 1516 341 bis
1563 300 1719 342 ‘secun-

184 375 275 413 dum
321 375 464 413 librum
513 373 558 411 de
602 373 682 410 uita
730 367 865 409 Marci’
901 370 1040 407 citaret
1080 368 1150 417 (fr.
1182 368 1358 418 11.12),
1399 369 1466 418 qui
1505 367 1665 419 quidem
1699 381 1719 407 a

184 441 271 479 Veri
306 445 430 478 morte
464 440 622 477 initium
656 441 825 487 ceperat.
875 440 1009 472 contra
1039 433 1218 471 distinxit
1245 445 1309 471 eas
1335 432 1587 471 breuioribus
1615 435 1719 484 capi-

181 506 286 544 tibus
321 506 391 555 (cf.
420 506 511 544 Birt
544 505 791 542 Buchwesen
818 514 862 550 p.
891 501 976 538 157
996 500 1085 549 sq),
1123 498 1234 536 uelut
1273 498 1411 537 Seueri
1451 504 1620 552 septem3
1663 501 1720 538 sic

180 573 286 609 enim
326 572 371 610 fr.
402 568 454 608 19
488 567 633 619 ‘primo
671 564 918 617 septenario’
965 563 1273 615 intellegendum
1320 569 1379 602 est
1419 560 1489 617 (cf.
1523 567 1720 615 binarius,

180 638 375 675 dmzare'us
409 630 664 688 similiaque),
704 646 779 684 quo
812 632 958 670 Marius
991 631 1183 669 Maximus
1218 629 1264 668 de
1297 642 1370 668 auo
1404 635 1566 681 paterno
1601 630 1720 670 Getae

181 706 315 751 egerat
352 700 416 739 uel
457 700 503 738 de
542 705 653 751 patre
694 699 834 737 Seueri
874 698 1038 748 eiusque
1079 700 1298 734 stemmate.
1349 696 1453 746 ipsas
1493 701 1622 734 autem
1656 708 1720 734 res

181 768 331 805 ratione
374 766 571 816 Suetonii,
611 767 634 804 i.
669 761 980 813 e.‘si11gillati1n
1025 774 1153 812 neque
1199 773 1270 811 per
1314 766 1490 812 tempora
1537 761 1606 800 sed
1650 773 1722 812 per

180 830 349 883 species'
379 844 468 870 eum
496 836 750 882 persecutum
778 841 864 867 esse
888 829 1050 875 (Geseh.
1074 828 1166 866 Lm.
1189 827 1294 875 Hp.
1316 827 1402 865 328
1422 828 1525 875 sqq.)
1560 839 1606 865 ex
1639 828 1719 866 uita

180 899 367 936 Antonini
410 897 469 935 Pii
516 897 693 935 eruimus
728 896 824 942 (Die
857 896 1005 943 Scre'pt.
1032 895 1069 932 Ιι.
1097 893 1143 931 Α.
1163 906 1206 942 p.
1236 893 1322 930 106
1340 894 1456 943 sqq),
1496 905 1606 943 quae,
1647 894 1721 931 etsi

180 963 275 1001 ordo
317 962 535 1001 secundum
575 960 800 1012 exemplum
839 959 945 998 illius
986 958 1199 1009 dispositus
1234 970 1253 996 a
1287 957 1517 1008 Capitolino,
1551 970 1640 996 cum
1674 957 1720 996 ab

180 1041 225 1066 eo
265 1041 343 1066 non
382 1033 615 1079 perspectus
661 1031 782 1076 esset,
823 1037 940 1076 saepe
979 1024 1213 1062 obscuratus
1252 1023 1317 1062 uel
1355 1022 1610 1074 perturbatus
1650 1028 1720 1075 est,

179 1099 310 1132 tamen
343 1095 448 1132 uitae
476 1093 673 1131 Marianae
707 1092 918 1142 imaginem
953 1091 1128 1128 omnium
1155 1090 1365 1127 uerissime
1394 1090 1720 1139 repraesentauit.

180 1159 393 1198 deduxerat
422 1160 543 1209 igitur
570 1162 776 1196 stemmate
803 1157 1005 1207 proposito
1032 1156 1311 1206 imperatorem
1338 1166 1410 1205 per
1434 1155 1557 1192 uitam
1590 1155 1720 1205 priua-

179 1230 257 1263 tam
280 1237 519 1275 cursumque
540 1224 735 1262 honorum
756 1222 961 1273 faustaque
982 1222 1112 1259 omina
1134 1232 1260 1271 usque
1279 1219 1326 1258 ad
1346 1221 1475 1270 ipsum
1498 1221 1720 1271 imperium,

181 1290 466 1341 descripserat,
507 1301 605 1340 quae
645 1289 773 1327 factus
806 1289 1022 1338 imperator
1053 1285 1155 1324 bella
1189 1286 1388 1336 gessisset,
1422 1285 1548 1336 qualis
1582 1286 1721 1324 fuisset

179 1355 372 1394 aduersus
416 1356 662 1406 prouincias,
708 1358 905 1403 senatum,
950 1353 1193 1403 propinquos
1239 1352 1481 1401 amicosque,
1522 1350 1720 1389 subiectos

178 1421 391 1472 hostesque
430 1422 605 1471 imperii,
650 1425 733 1458 tum
771 1420 940 1468 uictum,
986 1417 1261 1455 liberalitatem
1306 1416 1503 1467 publicam
1550 1416 1720 1455 clemen—

181 1487 371 1537 tiamque,
423 1487 696 1524 auctoritatem
748 1484 851 1536 apud
902 1489 1076 1534 exteros,
1128 1483 1312 1533 pietatem
1367 1481 1720 1533 liberalitatemque

179 1551 374 1590 aduersus
407 1553 595 1602 priuatos,
623 1550 864 1600 ciuilitatem,
905 1549 1011 1599 leges
1051 1548 1522 1599 administrationemque,
1552 1547 1720 1599 denique

180 1623 347 1656 mortem
386 1622 763 1667 testamentumque,
804 1620 1007 1665 staturam,
1045 1614 1217 1652 honores
1257 1615 1293 1651 ei
1332 1618 1487 1651 mortuo
1529 1612 1719 1652 decretos.

179 1688 295 1733 atque
336 1683 397 1721 bic
437 1682 596 1734 quidem
636 1682 732 1720 ordo
771 1681 859 1732 plus
898 1682 1081 1719 minusue
1121 1684 1302 1718 seruatus
1348 1679 1465 1717 etiam
1510 1691 1582 1729 per
1625 1679 1720 1718 alias

178 1748 366 1787 historiae
405 1750 602 1798 Augustae
640 1749 743 1786 uitas
782 1748 928 1798 prioris
974 1747 1096 1796 partis
1137 1740 1282 1798 (usque
1322 1743 1369 1782 ad
1404 1740 1718 1798 Heliogabalum)

180 1814 357 1864 perlucet
386 1815 482 1860 (Die
510 1815 597 1852 Ser.
624 1815 661 1852 lz.
689 1814 735 1852 Α.
756 1826 799 1862 p.
829 1812 1094 1861 102—153),
1129 1823 1149 1848 a
1176 1823 1252 1861 quo
1286 1816 1329 1848 ut
1363 1809 1570 1848 discedens
1596 1811 1720 1848 uitam

180 1879 300 1917 Marci
333 1885 459 1918 morte
486 1879 577 1917 Veri
610 1879 649 1916 in
688 1878 784 1917 duos
818 1877 938 1916 libros
973 1876 1181 1926 diuideret,
1215 1881 1253 1914 et
1284 1875 1386 1914 mole
1421 1887 1553 1914 rerum
1587 1881 1626 1914 et
1658 1888 1718 1914 so-

182 1946 322 1983 cietate
357 1946 515 1996 imperii
548 1944 742 1995 impulsus
776 1949 844 1982 est.

300 2010 377 2048 Sed
410 2011 484 2048 etsi
517 2010 617 2047 hanc
650 2010 814 2048 formam
849 2008 1027 2047 Suetonii
1053 2008 1199 2045 Marius
1227 2006 1418 2045 Maximus
1451 2008 1627 2045 imitatus
1661 2013 1721 2046 est

179 2080 295 2126 atque
336 2088 381 2113 ex
423 2088 465 2113 ea
506 2080 635 2113 certos
676 2074 829 2113 dierum
875 2073 1191 2112 memorabilium
1229 2084 1415 2110 numeros
1459 2073 1639 2123 retinuit,
1678 2074 1719 2110 in

178 2142 412 2179 uniuersum
446 2146 577 2179 tamen
611 2140 780 2190 repleuit
814 2152 898 2177 eam
933 2139 1070 2189 longe
1106 2138 1297 2176 diuersa
1331 2138 1541 2175 materia.
1591 2149 1718 2188 neque

180 2208 285 2244 enim
319 2206 512 2244 breuitate
546 2205 774 2256 excellebat,
800 2206 921 2243 immo
949 2206 1111 2255 opponit
1138 2204 1400 2242 Suetonianae
1429 2204 1513 2241 eius
1540 2202 1718 2241 uerbosi-

180 2277 297 2309 tatem
327 2272 515 2322 Vopiscus
543 2273 666 2310 Firm.
696 2272 733 2321 1,
767 2283 883 2321 quem
919 2271 1034 2308 etiam
1069 2269 1352 2320 mythistoricis
1380 2280 1421 2307 se
1448 2267 1718 2307 uoluminibus

181 2336 448 2387 implicauisse
484 2336 595 2387 dicit,
629 2336 757 2374 laudat
793 2335 1054 2385 diligentiam,
1091 2334 1137 2372 ad
1178 2346 1294 2384 quam
1340 2333 1514 2384 legentes
1558 2333 1717 2385 releget,

180 2402 421 2452 Capitolinus
444 2402 520 2451 (fr.
544 2402 629 2451 25),
658 2403 810 2452 copiam
834 2401 1064 2451 Spartianus
1086 2400 1162 2449 (fr.
1192 2399 1278 2446 19).
1314 2398 1560 2437 efficiebatur
1586 2403 1716 2438 autem

180 2480 255 2504 non
284 2467 409 2505 solum
444 2467 689 2505 orationibus
723 2466 994 2517 epistulisque,
1028 2478 1124 2516 quas
1159 2469 1320 2515 propter
1352 2465 1514 2502 nimiam
1548 2464 1716 2514 longitu-

181 2532 311 2570 dinem
358 2532 600 2583 Capitolinus
646 2534 823 2570 inserere
868 2531 994 2569 noluit
1037 2529 1302 2580 ([ν.17.18.
1344 2530 1394 2579 cf.
1424 2529 1606 2579 1316),
1652 2529 1715 2567 1161

181 2597 429 2635 sermonibus
467 2598 542 2646 (fr.
578 2598 634 2647 2,
674 2597 742 2635 scd
789 2598 905 2635 etiam
950 2596 1135 2635 uersibus
1180 2597 1219 2633 in
1266 2594 1468 2633 Commodi
1520 2599 1715 2633 tumorem

180 2693 263 2737 ipsa
290 2704 396 2727 nemo
428 2696 557 2727 auctor
589 2694 727 2727 citatur
766 2695 802 2728 et
835 2693 1039 2727 secundum
1071 2692 1324 2726 Herodianum
1371 2691 1410 2724 in
1448 2690 1713 2725 retractatione

180 2746 392 2780 adhibitum
408 2746 489 2791 (Die
505 2746 711 2791 Scriptores
729 2747 814 2780 hist.
831 2747 925 2791 Aug.
941 2758 975 2790 p.
990 2749 1033 2780 76
1049 2757 1102 2789 sq.
1120 2746 1199 2789 148>
1222 2744 1390 2789 Opellius
1411 2754 1556 2788 semper
1571 2742 1713 2778 Graeca

180 2799 339 2833 nominis
367 2800 486 2833 forma
513 2800 736 2844 appellatur.
770 2800 809 2834 V.
827 2800 926 2834 infra
952 2812 985 2844 p.
1010 2811 1165 2833 cnxxxxr
1180 2810 1232 2841 sq.
