1842 3133
583 75 621 109 T.
645 74 926 109 POMPONIVS
956 76 1156 110 ATTICVS
1517 91 1632 119 XXIII

102 187 295 226 Romanae
323 187 482 225 Graecis
515 187 553 224 in
582 186 652 224 bac
680 191 761 224 arte
790 186 970 225 cederent
1002 189 1070 235 (de
1096 191 1196 237 lc’yq.
1223 189 1245 226 Ι
1269 190 1304 236 2,
1327 190 1351 226 5
1366 202 1448 237 sqq.
1477 191 1533 227 ad
1553 190 1630 227 Aa.

100 254 210 291 XVI
240 253 319 302 13⁶,
347 254 396 293 2.-
429 253 541 290 Brut.
572 253 642 300 19,
673 253 749 298 74;
791 253 840 302 cf.
875 254 991 291 Corn.
1021 255 1115 302 Nep.
1139 253 1193 302 fr.
1224 254 1279 304 l),
1319 266 1417 304 quae
1460 259 1502 291 ut
1543 267 1630 304 per-

101 319 223 357 fectae
269 323 418 368 esseut,
466 317 665 356 rhetorum
711 319 931 368 praeceptis
976 330 1109 357 carere
1159 331 1234 356 non
1284 332 1398 370 posse
1439 325 1630 370 censeret,

100 389 137 421 et
170 383 233 421 ille
268 397 286 422 a
321 396 361 422 se
396 384 479 421 sine
514 384 597 421 eius
631 396 702 434 ope
736 383 940 421 historiam
974 396 1045 421 nec
1080 385 1232 422 institui
1269 397 1340 422 nec
1380 385 1481 423 et'tici
1514 397 1629 436 posse

99 454 231 500 aperte
264 450 466 500 professus
500 454 554 487 est
593 450 668 495 (ad
700 450 777 487 Act.
805 449 916 486 XVI
944 450 1022 497 130,
1052 450 1108 500 2),
1143 451 1346 488 materiam
1380 450 1426 488 ab
1460 463 1504 488 eo
1539 450 1628 489 sub-

99 516 362 553 ministratum
402 516 449 552 iri
491 515 661 552 confisus
702 526 827 564 neque
869 514 1081 565 quidquam
1122 528 1235 553 suum
1276 528 1362 553 esse
1405 515 1628 567 arbitratus,

98 581 173 618 nisi
206 586 244 619 ut
281 593 365 619 eam
399 585 480 618 arte
514 593 583 618 sua
616 584 834 630 exornaret,
869 585 1040 630 augeret,
1074 580 1341 631 amplificaret.

216 645 415 685 Secundas
448 646 541 683 item
575 645 725 683 Atticus
759 645 875 682 etiam
910 645 960 682 ita
994 646 1083 695 egit,
1118 658 1205 683 cum
1240 651 1338 684 totas
1373 646 1627 686 bibliothecas

96 712 318 762 conticeret,
352 724 447 762 quas
480 715 614 761 postea
648 710 733 748 aliis
767 711 850 748 siue
884 710 1103 749 uenditaret
1139 712 1222 749 siue
1258 711 1416 750 donaret
1446 714 1521 760 (ad
1546 714 1625 752 ΑΜ.

69 777 122 814 -J
152 777 198 822 7,·
233 777 297 825 10,
325 777 374 821 ab:
411 777 474 824 II,
501 777 552 822 3,·
584 777 622 823 4,
649 776 708 826 3),
748 780 829 814 tum
873 775 919 814 ad
959 788 1068 814 suam
1114 775 1353 815 uberrimam
1400 779 1554 829 amicis,
1594 780 1627 816 si

96 855 170 892 quo
199 841 297 880 libro
325 846 516 893 carerent,
545 841 804 880 libentissime
832 841 979 880 aditum
1007 843 1179 893 aperiret
1206 844 1281 889 (ad
1306 844 1385 882 Aa.
1408 844 1476 881 JV
1498 844 1563 892 14,
1581 845 1624 891 J)

95 907 374 959 Ciceronisque
408 919 524 958 opera
558 919 629 958 per
661 919 798 945 seruos
832 920 934 957 suos,
969 920 1065 958 quos
1100 907 1242 946 multos
1276 908 1442 947 habebat
1478 909 1625 948 littera-

97 974 284 1024 1155111105,
325 972 581 1012 describenda
621 978 655 1011 et
699 972 943 1011 diuendenda
987 978 1144 1011 curaret
1189 975 1304 1023 (Nep.
1334 975 1400 1023 13,
1427 975 1464 1013 3.
1518 976 1623 1014 Dra-

93 1051 212 1077 mann
252 1040 351 1088 Vp.
380 1040 436 1077 66
455 1040 542 1087 sq).
609 1037 775 1089 denique
820 1051 999 1088 magnam
1044 1044 1195 1089 partem
1239 1040 1342 1077 uitae
1389 1041 1427 1078 111
1473 1041 1624 1092 officiis,

94 1116 191 1154 quae
219 1103 304 1142 aliis
330 1109 559 1155 praestaret,
582 1104 835 1155 consumpsit,
857 1117 932 1154 qua
960 1103 1117 1154 quidem
1143 1105 1183 1142 111
1205 1117 1321 1156 opera
1344 1107 1460 1144 etiam
1489 1104 1623 1145 ‘unus

92 1168 218 1207 liber
238 1168 414 1208 Graece
442 1170 691 1207 confectus
721 1169 771 1207 de
801 1169 1052 1208 consulatu
1075 1168 1621 1221 Cice1·0nis'(]l'ep.18,6)

93 1234 296 1285 ponendus
329 1240 399 1286 est,
433 1247 549 1286 quem
583 1247 613 1273 a.
642 1231 811 1285 60s694
845 1234 890 1272 ad
926 1234 1155 1273 Ciceronem
1188 1237 1296 1274 misit
1328 1249 1455 1287 neque
1493 1241 1622 1275 tamen

91 1305 252 1351 propter
277 1301 521 1339 ieiunitatem
549 1301 735 1338 orationis
763 1301 847 1339 eius
874 1300 1054 1351 plausum
1077 1302 1227 1353 accepit
1248 1304 1324 1349 (ad
1343 1303 1421 1341 Ast.
1439 1303 1489 1341 II
1510 1303 1547 1352 J,
1565 1304 1621 1351 1).

91 1366 131 1403 in
166 1365 282 1404 rebus
317 1371 445 1404 tamen
479 1378 568 1404 cum
595 1367 720 1404 amico
748 1367 1000 1417 conspirauit,
1027 1371 1071 1405 ut
1096 1367 1171 1418 hic,
1199 1368 1231 1406 si
1257 1368 1342 1418 ipse
1368 1367 1474 1406 1111116
1502 1366 1621 1406 ‘com-

92 1427 342 1469 mentarium'
377 1436 464 1469 ante
498 1431 668 1482 legisset,
701 1431 872 1470 furatum
906 1444 946 1470 se
980 1444 1066 1470 esse
1100 1431 1146 1470 ab
1181 1434 1263 1483 11150
1299 1433 1495 1472 dicturum
1532 1446 1619 1472 eum

91 1508 177 1534 esse
211 1496 403 1535 scriberet
436 1498 479 1544 (l.
505 1499 568 1547 3.),
602 1509 724 1548 eoque
759 1510 953 1536 60115611511
981 1510 1067 1536 6556
1095 1498 1239 1536 factum
1266 1498 1436 1550 uidetur,
1462 1504 1504 1537 ut
1531 1512 1619 1537 cum

90 1562 215 1612 ipsius
249 1561 449 1600 Ciceronis
483 1563 774 1601 commentariis
807 1563 923 1601 etiam
957 1563 1073 1601 huius
1106 1565 1272 1614 uestigia
1306 1565 1464 1603 omnino
1500 1566 1619 1603 inter-

89 1627 204 1665 irent.
261 1639 388 1678 neque
428 1628 531 1666 enim
574 1632 776 1678 praeterea
815 1628 1028 1679 quidquam
1073 1628 1118 1667 de
1161 1642 1204 1667 eo
1246 1631 1458 1668 memoriae
1501 1630 1619 1669 tradi-

91 1697 172 1730 tum
206 1697 275 1731 est.

207 1757 383 1797 Plurium
422 1759 510 1797 usui
544 1771 588 1797 eo
621 1758 737 1810 libro,
771 1772 886 1810 quem
926 1759 1139 1798 annalem
1173 1761 1391 1812 inscripsit,
1431 1762 1618 1800 seruiisse

88 1822 263 1874 uidetur,
303 1823 349 1862 de
382 1837 457 1874 quo
496 1824 590 1862 haec
630 1823 759 1875 Nepos
799 1825 946 1873 (6.18,
976 1826 1040 1872 I).·
1079 1826 1210 1864 Moris
1255 1829 1374 1865 eliam
1419 1830 1617 1866 maiorum

87 1900 262 1927 summus
295 1892 474 1928 imitator
501 1890 583 1939 fui!
615 1893 950 1939 emtique'late'sqzce
976 1896 1145 1940 amator,
1172 1903 1290 1940 quam
1319 1893 1419 1931 adeo
1448 1894 1615 1942 diligen-

89 1960 150 1992 ter
181 1955 323 1993 habuit
355 1957 574 2004 coqnitccm,
615 1961 657 1993 ut
695 1968 781 1994 eam
822 1962 942 1995 totam
982 1959 1022 1994 ln
1056 1968 1101 1995 eo
1138 1959 1339 1996 uolumine
1371 1961 1617 2007 eoemsuere’t,

88 2031 164 2067 quo
206 2022 470 2068 maffistratas
511 2022 731 2059 orde‘nam'l.
795 2023 906 2060 nulla
948 2024 1051 2060 enlm
1090 2024 1157 2060 leat
1195 2035 1324 2071 neque
1355 2035 1447 2072 pax
1489 2036 1617 2072 neque

88 2086 229 2123 bellum
268 2097 396 2134 neque
434 2098 500 2124 res
538 2088 706 2124 illustris
744 2092 801 2124 est
829 2089 975 2136 populi
1006 2087 1197 2136 Romani,
1236 2100 1340 2136 quae
1378 2100 1454 2127 non
1496 2092 1534 2127 in
1570 2101 1614 2128 eo

86 2161 158 2188 seco
186 2155 360 2199 tempore
384 2153 436 2189 sit
462 2156 613 2200 notata,
640 2156 688 2200 el,
715 2153 823 2200 quod
848 2152 1130 2201 difficillimum
1153 2153 1246 2202 suit,
1278 2156 1339 2192 sie
1360 2154 1613 2203 familiarum

87 2218 284 2263 oriqz'nem
316 2218 532 2264 subtexuit,
566 2222 608 2255 ut
641 2229 691 2255 ex
724 2229 767 2256 eo
802 2220 1007 2256 clarorum
1037 2221 1218 2257 uirorum
1242 2222 1497 2268 propaye'nes
1518 2232 1614 2269 pos—

85 2283 209 2319 simus
242 2278 538 2335 coynoscereff)
578 2281 683 2320 Misit
715 2295 802 2320 eum
837 2282 883 2321 ad
911 2282 1140 2321 Ciceronem
1168 2285 1300 2329 (Brut.
1321 2284 1360 2331 3,
1382 2284 1469 2334 13),
1503 2286 1614 2324 cuius

207 2425 238 2468 1)
266 2423 321 2458 Fr.
345 2424 557 2469 Schneider,
577 2426 635 2461 De
660 2428 792 2461 annali
814 2427 853 2460 T.
870 2428 912 2462 P.
928 2428 973 2461 A.
995 2426 1033 2460 in
1056 2427 1226 2462 Zeitschr.
1247 2428 1273 2470 f.
1290 2428 1417 2462 Altert.
1440 2432 1462 2463 6
1484 2432 1611 2474 (1839)

82 2488 118 2521 1).
141 2480 292 2512 33—40.
315 2499 357 2502 —
384 2477 512 2523 Nuper
539 2478 697 2523 amplior
723 2480 1009 2514 commentarius
1036 2480 1176 2525 prodiit
1202 2480 1240 2514 F.
1262 2480 1449 2515 Muenzeri
1473 2482 1534 2517 ‘A
1557 2484 1612 2519 als

89 2530 460 2567 Gesclzfichtschreiber’
496 2532 533 2566 in
566 2533 687 2567 Herm.
710 2538 753 2568 40
787 2546 820 2578 p.
844 2537 1025 2577 50-100‚
1058 2545 1130 2578 quo
1163 2533 1249 2567 inde
1281 2534 1481 2579 profectus,
1511 2537 1610 2580 quod

87 2583 211 2618 Cicero
243 2582 282 2617 in
313 2583 435 2627 libris,
463 2597 554 2629 quos
582 2587 667 2620 ante
694 2586 865 2621 annalem
892 2587 1035 2621 editum
1061 2588 1098 2621 et]
1123 2599 1215 2632 quos
1247 2590 1333 2632 post
1365 2588 1530 2634 scripsit,
1565 2591 1609 2625 de

85 2637 293 2681 temporum
324 2638 518 2672 notatione
550 2638 630 2683 ipse
663 2650 786 2674 seeum
819 2640 1015 2685 pugnauit,
1048 2639 1260 2674 inferiorem
1288 2641 1333 2675 ad
1363 2642 1526 2676 Atticum
1554 2655 1609 2678 re-

84 2692 206 2734 uoea‘n,
232 2690 391 2724 maxime
418 2690 453 2725 in
482 2691 595 2726 Bruto
623 2694 659 2727 et
680 2692 830 2736 Catone,
851 2693 915 2737 qui
941 2693 1082 2738 dialogi
1108 2693 1248 2728 talibus
1268 2694 1376 2728 rebus
1399 2695 1608 2741 abundant,

84 2755 212 2777 uerum
243 2745 369 2778 tamen
400 2745 561 2779 maxime
594 2745 633 2779 in
671 2747 793 2791 eapite
833 2749 935 2781 sexto
972 2748 1019 2792 (p.
1045 2751 1088 2782 85
1104 2749 1196 2792 sqq.)
1236 2747 1346 2782 nimis
1386 2749 1607 2785 coniecturis
