1842 3133
26 490 40 515 Ψ

26 817 58 840 10

26 1142 58 1166 15

26 1470 58 1493 20

436 102 465 135 Α
493 100 604 135 FINE
634 101 795 135 AVFIDI
825 101 956 136 BASSI
982 101 1108 135 LIBRI
1135 101 1251 135 XXXI
1524 103 1603 143 111

81 215 259 264 posteris,
294 225 390 263 quos
424 214 504 250 scio
539 212 741 250 nobiscum
777 212 1057 262 decertaturos,
1092 214 1194 250 sicut
1221 214 1293 263 ipsi
1328 214 1490 251 fecimus
1519 226 1604 251 rum

80 278 287 329 prioribus.

199 340 274 383 ὂψ.
314 344 403 382 Tac.
432 356 524 382 αηη.
553 344 670 381 XIII
696 344 752 381 20
797 343 986 381 Prouecta
1027 356 1099 381 nox
1147 349 1230 381 erat
1269 349 1307 381 et
1347 343 1490 381 Neroni
1536 356 1607 394 per

79 409 334 447 uinolentiam
379 408 620 458 trahebatur,
661 420 749 446 cum
790 407 1009 458 ingreditur
1042 408 1149 446 l'aris
1179 431 1231 434 —-
1261 410 1514 459 expositoque
1549 410 1606 446 in-

81 473 172 512 dicii
201 473 431 523 [criminum
458 476 711 523 Ayrippirme
739 474 1093 523 exprobralorum}
1127 473 1263 511 ordine
1298 475 1348 511 ita
1383 473 1606 512 audientem

79 544 262 589 exterret,
295 544 333 577 ut
370 552 445 576 non
479 544 628 577 tantum
663 544 826 576 matrem
860 538 1117 589 Plautumque
1151 540 1374 577 interficere
1409 539 1474 577 sed
1510 539 1605 577 Bur-

79 617 165 642 rum
200 605 314 642 etiam
350 604 560 643 demouere
594 605 840 654 praefectura
874 603 1099 654 destinaret,
1142 609 1335 654 tamquam
1369 605 1605 655 Agrippinae

79 671 200 719 gratia
234 675 465 720 prouectum
500 674 538 707 et
569 670 697 707 uicem
732 668 973 707 reddentem.
997 692 1050 695 —
1078 668 1227 707 Plinius
1255 674 1293 707 et
1320 669 1483 707 Cluuius
1510 669 1607 708 nihil

80 734 298 773 dubitatum
333 734 377 773 de
412 734 486 773 fide
520 735 709 785 praefecti
742 734 930 772 referunt.

198 797 274 840 Gss.
314 801 403 839 Tae.
432 813 524 838 [mn.
553 801 639 838 XV
660 801 715 838 53
748 799 936 837 Ordinem
970 799 1125 838 insidiis
1160 800 1216 849 [ιή
1253 800 1467 849 Neronem]
1503 813 1606 838 com-

79 870 302 916 posuerant,
329 870 371 903 ut
398 864 613 903 Lateranus
635 888 688 891 ——
712 870 981 916 prosterneret.
1006 866 1206 903 incautum
1234 870 1511 916 premeretque
1533 881 1606 918 —3

78 936 159 969 tum
193 932 384 969 iacentem
418 936 456 968 et
488 930 720 981 impeditum
759 930 908 969 tribuni
941 935 978 969 et
1011 931 1262 969 centuriones
1296 936 1334 969 et
1373 936 1607 981 ceterorum,

78 1002 121 1034 ut
158 997 324 1047 quisque
371 995 577 1034 audentiae
622 995 840 1046 habuisset,
888 995 1146 1034 adcurrerent
1191 996 1511 1047 trucidarentque
1538 1019 1606 1034 ——.

79 1063 237 1100 interim
270 1061 357 1099 Piso
391 1061 493 1112 apud
526 1060 662 1099 aedem
690 1062 846 1100 Cereris
879 1062 1140 1112 opperiretur,
1172 1061 1276 1100 unde
1311 1074 1399 1099 eum
1433 1062 1607 1112 praefec-

80 1132 141 1165 tus
175 1127 341 1165 Faenius
381 1132 419 1165 et
458 1128 578 1164 ceteri
620 1128 734 1164 acciti
767 1127 916 1165 ferrent
948 1128 987 1164 in
1022 1132 1159 1177 castra,
1199 1128 1408 1165 comitante
1442 1127 1605 1165 Antonia

79 1191 230 1231 Claudii
263 1191 440 1230 Caesaris
474 1191 550 1230 tilia
581 1191 627 1230 ad
656 1191 891 1230 eliciendum
919 1192 1023 1242 uolgi
1052 1193 1238 1243 fauorem,
1267 1192 1369 1242 quod
1398 1192 1436 1230 tx.
1458 1192 1607 1231 Plinius

79 1264 278 1296 memorat.

199 1319 241 1363 7.
276 1324 377 1362 Ρῐὶη.
406 1336 442 1361 η.
469 1325 505 1361 le.
534 1324 584 1361 II
612 1324 697 1362 232
742 1324 884 1361 Amnes
931 1329 1034 1362 retro
1080 1324 1202 1362 ssuere
1249 1328 1287 1361 et
1331 1329 1464 1362 nostra
1508 1323 1608 1362 uidit

79 1394 183 1427 aetas
217 1388 384 1427 Neronis
422 1389 614 1439 principis
654 1390 866 1440 supremis,
907 1390 1008 1427 sicut
1046 1391 1086 1427 in
1121 1389 1238 1427 rebus
1271 1390 1356 1427 eius
1390 1388 1606 1428 retulimus.

198 1450 242 1494 8.
277 1455 377 1492 Ρῖἱη.
400 1467 436 1492 n.
458 1456 493 1492 h.
517 1455 567 1492 II
598 1454 679 1492 199
715 1453 799 1492 Non
833 1455 963 1492 minus
996 1456 1140 1493 mirum
1175 1460 1371 1493 ostentum
1405 1460 1443 1493 et
1475 1460 1606 1492 nostra

79 1521 263 1570 cognouit
305 1524 410 1557 aetas
453 1532 552 1557 anno
592 1518 758 1557 Neronis
797 1521 989 1570 principis
1029 1532 1230 1570 supremo,
1270 1521 1372 1558 sicut
1410 1521 1449 1558 in
1490 1519 1606 1558 rebus

79 1586 163 1623 eius
197 1586 460 1635 exposuimus,
493 1585 616 1635 pratis
649 1585 823 1636 oleisque
857 1584 1125 1623 intercedente
1158 1585 1313 1636 publica
1346 1586 1410 1623 uia
1444 1586 1483 1623 in
1517 1598 1606 1623 con-

79 1651 218 1688 trarias
245 1649 349 1688 sedis
377 1651 634 1700 transgressis
660 1651 701 1688 in
729 1662 819 1701 agro
847 1650 1081 1700 Marrucino,
1108 1650 1279 1701 praediis
1300 1650 1408 1689 Vecti
1434 1650 1607 1689 Marcelli

79 1717 222 1766 equitis
254 1715 418 1753 Romani
452 1728 514 1753 res
548 1715 714 1753 Neronis
747 1717 1005 1766 procurantis.

198 1778 274 1820 9³².
314 1781 435 1819 Tacit.
463 1783 551 1820 Ize'sl.
580 1782 654 1819 II]
681 1782 737 1819 27
782 1781 1002 1820 incesserat
1040 1783 1236 1820 cunctatio
1275 1782 1380 1831 [eum
1416 1783 1609 1820 Fla'm'ani
1635 1821 1653 1845 S,

79 1852 216 1884 eastra
254 1848 423 1885 hostium
462 1848 680 1885 Cremonae
718 1850 845 1886 muris
880 1850 1143 1886 ce'reumiecta
1177 1846 1534 1897 adffl·eclerenlm‘],
1568 1849 1607 1885 111

80 1911 199 1949 duces
239 1912 341 1949 sesso
375 1911 490 1949 militi
523 1917 561 1950 et
593 1911 701 1949 uelut
733 1913 871 1950 inritas
905 1912 1194 1951 cohortationes
1228 1912 1415 1950 abnuenti
1450 1912 1605 1950 Cremo-

80 1989 166 2014 nam
200 1982 496 2015 monstrassent.
531 1976 625 2024 (28)
660 1977 846 2015 Hormine
880 1977 919 2015 id
953 1979 1165 2028 ingenium,
1197 1983 1241 2016 ut
1266 1977 1441 2015 Messalla
1478 1977 1605 2027 tradit,

79 2054 124 2080 an
158 2043 286 2093 potior
318 2047 453 2080 auctor
485 2043 534 2080 sit
566 2041 604 2080 C.
632 2041 793 2093 Plinius,
826 2045 893 2094 qui
918 2043 1128 2081 Antonium
1162 2045 1326 2093 incusat,
1358 2042 1460 2081 haud
1495 2043 1605 2081 facile

197 2156 235 2191 5.
264 2156 464 2191 Cont'zmoeit
495 2168 573 2190 cum
611 2157 731 2191 Plinii
763 2157 956 2200 Claudique
989 2161 1041 2201 (1)
1077 2158 1277 2192 testimonio
1314 2158 1461 2191 Tacitus
1499 2159 1603 2192 etiwm

78 2204 195 2238 Fabii
218 2205 365 2239 Rustici
392 2206 452 2247 (fr.
475 2208 524 2245 1).

197 2251 235 2286 6.
268 2252 415 2286 Tacitus
445 2253 498 2286 sic
524 2252 662 2296 pergsit:
707 2251 823 2285 Nobis
856 2263 1003 2296 quoquo
1036 2252 1146 2286 modo
1177 2252 1358 2286 traditum
1384 2264 1456 2285 non
1484 2252 1604 2285 oecul-

78 2298 158 2331 tare
190 2298 227 2331 in
255 2298 377 2332 animo
404 2298 486 2341 fuit,
521 2298 690 2342 quamuis
718 2299 920 2333 absurdum
947 2299 1136 2334 uideretur
1163 2302 1228 2333 aut
1253 2300 1399 2333 inanem
1429 2300 1475 2333 ad
1503 2311 1604 2343 spem

80 2346 280 2380 Antoniam
318 2357 451 2380 nomen
490 2349 527 2381 et
564 2345 769 2391 periculum
812 2347 1123 2389 commodauisse,
1163 2349 1228 2381 aut
1268 2347 1440 2381 Pisonem
1478 2349 1606 2380 notum

80 2403 202 2427 amore
228 2393 351 2427 uxoris
379 2393 443 2427 atii
470 2393 705 2428 matrimonio
733 2404 770 2427 se
797 2394 1052 2438 obstrinxisse,
1078 2394 1151 2427 nisi
1178 2395 1209 2427 si
1230 2395 1365 2439 cupido
1388 2394 1605 2428 dominandi

81 2440 221 2474 cunetis
249 2440 445 2475 affectibus
472 2441 690 2486 flagrantior
716 2443 781 2475 est.

202 2488 236 2523 7.
265 2488 302 2523 S.
336 2488 517 2532 11'27cl.s.p.
544 2503 610 2523 CLX.

199 2535 236 2569 9.
271 2535 351 2570 Vici.
373 2535 545 2579 Vipstani
571 2536 766 2570 Messallae
791 2538 836 2579 fr.
858 2539 891 2570 2.

199 2630 243 2684 6,
280 2636 344 2672 14.
378 2637 597 2684 operiretur
622 2637 726 2673 Med.

200 2690 244 2743 8,
279 2694 345 2731 23.
377 2694 534 2732 Vettius
560 2697 602 2732 in
628 2696 733 2731 titvlo
766 2695 922 2732 Τθαΐιῖηο
950 2697 1172 2732 nominatur

199 2749 244 2803 9,
280 2755 345 2791 28.
378 2754 526 2791 tradita
547 2754 724 2800 affectate.)
748 2766 824 2791 (1.6.
908 2756 974 2791 29.
1001 2754 1156 2803 potiora
1177 2756 1223 2791 M
1287 2762 1342 2799 .(3}.
1364 2755 1528 2792 Plunius
1556 2756 1606 2791 M

1647 319 1689 348 55

1633 381 1700 408 &os

1647 770 1689 800 65
