1842 3133
207 122 288 161 134
751 122 876 156 AELII
903 122 1023 157 IVNII
1050 122 1194 158 CORDI

205 233 301 271 lotae
335 239 450 283 atque
485 233 582 272 udae
617 239 745 272 essent
787 234 965 272 russulae
1000 235 1192 285 fasciolae,
1226 248 1322 286 quas
1356 241 1481 274 mater
1513 248 1731 287 praegnans

204 304 425 349 parauerat,
471 311 668 349 purpurea
716 301 851 338 matris
892 301 1018 338 fascea
1064 300 1248 351 inligatus
1288 306 1363 339 est:
1408 300 1511 339 unde
1550 301 1604 339 illi
1646 302 1731 339 ioco

202 365 368 402 nutricis
402 365 519 402 etiam
555 364 703 415 Porl'yri
739 378 881 403 110111611
915 365 1083 404 inditum
1117 371 1185 404 est.

322 428 422 467 llae(¹
463 435 577 480 atque
618 429 689 467 alia
730 432 839 481 signa
877 432 1032 482 imperii
1068 432 1189 469 futuri
1225 433 1344 470 suere.
1397 443 1495 482 quae
1528 433 1596 483 qui
1627 432 1734 471 uolet

202 507 329 545 nosse,
358 494 510 533 llelium
536 494 705 534 Cordum
734 495 846 546 legat,
875 498 941 547 qui
970 497 1107 535 friuola
1137 509 1256 548 super
1284 496 1507 536 huiusmodi
1535 497 1732 537 ominibus
1772 506 1786 530 5

203 565 340 598 cuncta
377 562 640 611 persequitur.

323 621 364 664 3.
405 626 511 665 Clod.
540 627 626 665 Alb.
657 628 692 674 7,
718 629 740 665 2
788 627 894 665 Victo
935 627 1168 678 Pescennio,
1210 641 1297 666 oum
1338 634 1371 666 et
1414 628 1506 667 filiis
1545 629 1627 667 suis
1663 630 1733 667 im-

204 692 356 741 perium
396 703 556 730 seruare
595 698 758 743 superet
797 698 834 731 et
874 694 1073 744 ingentem
1113 699 1271 732 senatus
1305 706 1478 732 amorem
1511 696 1614 732 cirea
1649 693 1733 733 Clo-

203 756 309 794 dium
337 756 518 795 Albinum
548 757 696 796 uideret
729 758 954 809 [seeum-ast,
981 758 1085 809 quod
1113 764 1213 797 esset
1249 761 1312 797 uir
1344 760 1526 810 autiquae
1555 760 1734 810 famulae,

203 821 352 860 litteras
385 821 431 860 ad
465 836 551 860 eum
587 836 658 874 per
690 823 880 874 quosdam
914 826 1057 863 summi
1091 826 1234 863 amoris
1267 838 1311 863 ae
1345 837 1519 864 summae
1550 825 1788 864 adfectio-1⁰

203 888 263 925 nis
296 888 414 938 misit,
454 888 596 938 quibus
636 889 875 940 hortabatur,
914 895 968 941 ut7
1008 892 1192 941 quoniam
1232 891 1386 929 occisus
1426 895 1529 929 esset
1568 890 1734 930 Pescen-

203 954 290 991 nius
324 952 455 1004 Niger,
489 955 571 1004 ipse
606 967 694 992 rum
730 968 774 993 eo
810 955 978 994 lideliter
1013 968 1094 994 rem
1128 969 1163 1007 p.
1193 963 1358 1007 regeret.
1411 969 1577 1008 quarum
1604 969 1734 995 exem-

202 1018 309 1069 plum
355 1018 425 1056 ho(¹
478 1031 563 1057 esse
609 1020 760 1058 Cordus
806 1020 993 1060 ostendit:
1041 1019 1274 1072 ‘Imperator
1322 1022 1494 1061 Seuerus
1538 1022 1734 1073 Augustus

203 1083 338 1122 Clodio
371 1083 508 1122 Albino
543 1084 718 1134 Caesari,
760 1087 869 1124 t'ratri
908 1088 1176 1125 amantissimo
1210 1092 1247 1125 et
1281 1087 1642 1126 desiderantissimo
1676 1100 1734 1126 sa-

203 1149 335 1187 lutem.
392 1150 500 1188 Victo
540 1150 754 1189 Pescennio
795 1151 944 1190 litteras
982 1152 1144 1190 Romam
1191 1152 1388 1203 dedimus,
1435 1165 1531 1204 quas
1576 1158 1734 1192 senatus
1756 1161 1788 1186 15

204 1216 258 1253 tui
293 1216 585 1254 amantissimus
619 1216 789 1255 libenter
821 1219 982 1268 aceepit.
1030 1223 1067 1256 te
1101 1231 1258 1269 quaeso,
1292 1224 1332 1257 ut
1361 1231 1405 1256 eo
1433 1219 1562 1256 animo
1590 1231 1672 1257 rem
1700 1232 1733 1270 p.

204 1293 327 1331 regas,
362 1293 437 1331 quo
472 1281 638 1320 dilectus
673 1295 714 1320 es
749 1284 868 1321 frater
895 1285 1014 1321 animi
1042 1285 1130 1333 11161,
1160 1284 1280 1322 frater
1305 1285 1472 1335 imperii.
1525 1284 1735 1323 Bassianus

205 1352 239 1384 et
276 1345 370 1384 Geta
403 1351 441 1385 te
475 1346 654 1386 salutant.
695 1347 791 1386 Iulia
824 1353 957 1387 nostra
992 1354 1030 1387 et
1063 1354 1099 1388 te
1134 1355 1171 1387 et.
1205 1362 1379 1387 sororem
1414 1349 1565 1389 salutat.
1611 1350 1734 1388 infan-

205 1411 284 1449 tulo
313 1416 377 1450 tuo
399 1412 616 1451 Pescennio
638 1413 778 1452 Princo
806 1426 968 1453 munera
998 1414 1112 1465 digua
1140 1427 1210 1453 suo
1238 1414 1320 1453 loco
1350 1420 1493 1466 tuoque
1521 1417 1734 1454 mittemus.

204 1483 244 1515 tu
280 1477 399 1516 uelim
435 1480 632 1517 exercitus
666 1480 723 1517 rei
757 1492 791 1530 p.
820 1492 863 1517 ae
897 1479 1010 1518 nobis
1050 1485 1239 1530 retentes,
1274 1482 1325 1519 mi
1359 1482 1555 1531 unanime,
1589 1482 1641 1519 mi
1675 1494 1735 1519 ca-
1756 1488 1789 1513 20

204 1544 372 1593 rissime,
404 1544 457 1581 mi
491 1543 785 1583 amantissime’.

323 1604 367 1648 4.
407 1609 513 1648 Clocl.
543 1610 608 1660 II,
638 1612 662 1648 2
709 1610 895 1649 Gulosum
937 1623 1025 1649 eunt
1061 1611 1280 1662 [Clodium]
1321 1611 1489 1663 Cordus,
1535 1613 1602 1663 qui
1646 1612 1734 1651 talia

206 1675 458 1725 persequitur
503 1676 540 1712 in
588 1676 668 1713 suis
710 1675 990 1727 uoluminibus,
1031 1677 1151 1715 fuisse
1192 1677 1296 1728 dicit,
1337 1682 1374 1715 et
1412 1678 1463 1716 ita
1502 1677 1661 1729 quidem
1694 1683 1736 1716 111,

204 1752 409 1790 pomorum
455 1745 606 1778 tantum
652 1741 844 1792 hauserit,
891 1747 1078 1793 quantun]
1123 1744 1220 1781 ratio
1254 1742 1421 1781 humana
1461 1756 1536 1781 non
1578 1744 1734 1794 patitur.

205 1817 294 1843 nam
346 1809 380 1843 61
434 1807 668 1856 quingentas
719 1807 817 1845 tiens
867 1809 1078 1859 passari-as,
1131 1821 1227 1859 quas
1273 1808 1412 1846 Graeci
1456 1808 1734 1847 callistruthias
1756 1814 1788 1840 25

205 1876 363 1920 norant,
404 1872 579 1909 ieiunum
621 1872 839 1910 comedisse
881 1872 974 1911 dicit
1012 1878 1050 1911 et
1092 1879 1249 1912 centum
1283 1874 1436 1925 persica
1469 1874 1663 1925 Campana
1697 1879 1734 1913 et

206 1935 379 1974 melones
413 1935 617 1975 Ostienses
658 1936 793 1976 dei-em
834 1943 871 1976 et
903 1951 1070 1977 unarum
1111 1938 1394 1977 Labicanarum
1434 1939 1560 1990 pondo
1594 1940 1735 1990 uiginti

206 2006 243 2039 et
286 2000 471 2039 ti‹·edulas
510 2008 667 2041 centum
708 2009 741 2041 et
783 2008 911 2041 ostrea
952 2003 1248 2054 quadringenta.
1306 2005 1389 2042 uini
1435 2017 1528 2042 sane
1574 2017 1733 2055 parcum

88 2066 129 2101 fr.
153 2071 171 2100 6
208 2066 328 2104 fuisse
363 2066 467 2117 dicit,
501 2067 605 2117 quod
639 2068 811 2107 Seuerus
844 2074 969 2119 negat.

110 603 173 633 1234

108 665 173 694 947

325 2216 363 2251 3.
394 2217 447 2258 Cf.
475 2229 501 2251 c.
528 2221 557 2259 1,
579 2222 600 2249 3
635 2217 718 2251 Fuit
746 2220 869 2253 autem
898 2219 1048 2253 Clodius
1075 2218 1233 2253 Albinus
1260 2219 1405 2253 familia
1432 2219 1560 2261 nobili,
1588 2220 1733 2255 Hadru-

206 2263 366 2299 metinus
404 2267 528 2298 tamen
570 2276 611 2298 ex
646 2265 782 2300 Africa.
829 2269 861 2308 4,
884 2270 902 2301 1
938 2267 1032 2302 Fuit.
1061 2268 1101 2300 ut
1127 2266 1221 2309 dixi,
1255 2266 1411 2300 Albinus
1443 2267 1734 2302 Hadrumetinus

207 2310 362 2345 oriundo
390 2312 453 2345 sed
481 2312 617 2346 nobilis
646 2313 743 2357 apud
771 2325 855 2348 suos
882 2315 919 2348 et
948 2314 1129 2358 originem
1156 2326 1177 2347 a
1200 2314 1375 2348 Romanis
1396 2315 1550 2349 familiis
1571 2316 1734 2357 trahens,

207 2359 478 2393 Postumiorum
512 2359 656 2394 stilio-et
689 2363 725 2395 et
752 2360 971 2395 Albinorum
1006 2364 1042 2396 et
1075 2361 1318 2396 Ceioniorum.
1343 2383 1385 2387 ——
1412 2363 1470 2397 De
1495 2364 1637 2406 fictione
1662 2364 1734 2408 epi-

205 2407 321 2441 stulae
350 2407 431 2441 uide
456 2408 529 2442 Dic
556 2408 685 2452 Seript.
706 2410 737 2442 Ie.
761 2410 805 2443 A.
822 2422 860 2453 p.
881 2412 954 2444 205
968 2421 1039 2454 sqq.

328 2558 363 2591 2.
397 2555 534 2592 inlitus
561 2552 616 2592 Pl
741 2559 776 2594 5.
809 2556 1033 2595 hominibus
1059 2557 1097 2594 P

328 2608 372 2663 3,
410 2616 472 2651 17.
507 2615 678 2653 delectus
706 2617 922 2653 Monmmew
1084 2619 1149 2655 19.
1182 2617 1313 2654 Primo
1340 2617 1498 2656 Jordan
1530 2620 1732 2667 perempto

210 2673 363 2709 (iolisch

328 2726 371 2781 4,
408 2733 472 2769 22.
506 2733 687 2781 gylosiun
714 2729 769 2770 P1
923 2736 987 2772 24.
1022 2735 1174 2772 auxerit
1200 2735 1236 2771 P
1383 2737 1509 2774 oratio
1536 2732 1591 2772 Pl

211 2791 275 2826 25.
309 2793 549 2838 passerarias
577 2793 705 2829 Marc.
732 2794 912 2832 Donatus
1025 2796 1089 2831 27.
1119 2794 1388 2833 lauicanarum
1418 2796 1453 2832 P
