1842 3133
193 135 388 163 xxxm„
522 120 584 153 nn
612 118 918 154 seRiPTORVM
944 119 1068 153 vrris
1094 119 1156 153 ET
1183 119 1393 154 semesis

191 238 225 270 et
263 232 402 270 sabulis
435 232 671 269 intermixtis
706 243 769 269 eas
803 236 1020 269 exornaret.
1072 243 1199 282 neque
1233 232 1336 269 enim
1370 231 1409 269 id
1442 230 1651 283 spectabat,
1677 236 1721 270 ut

192 298 380 336 lectorum
421 298 625 335 scientiam
665 298 830 335 ueritate
871 297 1059 347 patefacta
1099 296 1354 348 amplificaret.
1399 301 1464 335 aut
1506 297 1720 348 corrigeret

191 362 258 401 sed
292 369 330 401 nt
366 364 515 401 animos
549 375 684 400 eorum
715 361 889 400 alliceret
921 367 956 400 et
992 361 1178 401 titillaret.

310 428 385 467 sed
413 441 461 466 ne
489 428 654 467 alterum
682 428 839 479 quidem
867 429 968 466 uitas
1002 427 1200 466 scribendi
1228 440 1351 479 genus
1378 427 1519 479 Nepoti
1544 429 1719 479 incogni-

193 500 271 532 tum
314 495 382 532 fuit
425 495 523 541 (Leo
547 507 591 544 p.
620 494 705 532 118
719 495 835 543 sqq.)
893 506 981 532 nam
1022 493 1197 532 doctrina
1237 498 1274 532 et
1311 494 1458 532 ueritas
1497 492 1720 532 Callimachi

190 559 537 610 liratostlienisque
578 572 666 598 cum
706 573 724 597 a
765 572 805 598 se
845 560 1055 610 impetrare
1095 572 1172 598 non
1211 564 1360 610 posset,
1399 564 1443 598 ut
1481 558 1526 597 ad
1571 558 1720 597 fabulas

190 625 446 676 tit-tionesque
474 624 684 677 aberraret,
713 638 800 663 cum
829 637 920 663 cura
949 630 1062 676 atque
1091 624 1289 675 diligentia
1317 626 1358 663 in
1384 625 1486 663 uitas
1512 636 1719 676 moresque

190 691 425 740 scriptorum
459 691 664 741 inquisiuit
694 703 836 742 easque
866 691 1066 741 speciatim
1100 690 1308 741 dispositas
1334 691 1375 728 in
1401 702 1515 728 usum
1542 690 1720 728 uirorum

190 754 450 793 litteratorum
493 757 576 793 sine
616 761 754 794 ornatu
797 755 951 794 dicendi
992 755 1176 794 condidit.
1227 755 1335 794 Inter
1366 755 1462 794 baec
1493 756 1615 805 igitur
1646 755 1720 793 tria

190 833 333 870 genera
366 820 495 872 Nepos
529 821 750 872 fluctuauit,
784 834 861 860 non
895 821 1008 859 modo
1043 822 1113 872 ita,
1146 826 1189 860 ut
1220 823 1261 859 in
1294 821 1365 859 alia
1399 822 1479 859 uita
1518 819 1621 859 aliud
1661 832 1720 859 se-

190 892 379 937 queretur
417 887 483 925 sed
523 900 572 925 ne
611 900 683 939 per
721 887 894 938 singulas
939 886 1096 938 quidem
1142 888 1242 925 uitas
1288 888 1414 925 tenuit
1457 891 1557 925 totas
1597 898 1720 924 unum

191 951 358 1002 aliquod.
416 952 518 1003 quod
558 954 590 991 si
631 952 774 991 dixerit
819 953 979 991 forsitan
1026 954 1235 1004 quispiam,
1280 965 1328 990 ne
1374 952 1560 991 lectorem
1606 952 1720 990 satie-

191 1022 248 1055 tas
287 1023 460 1069 caperet,
502 1031 590 1057 eum
630 1018 757 1057 tribus
795 1020 903 1057 uires
943 1030 1032 1057 suas
1066 1023 1270 1069 expertum
1310 1030 1413 1068 esse,
1447 1029 1602 1055 errores
1635 1018 1720 1055 eius

190 1082 459 1134 neglegentiae
505 1089 543 1122 et
586 1085 765 1123 inscitiae
805 1097 824 1122 a
863 1083 1110 1135 Nipperdeyo
1155 1083 1294 1121 acerbe
1339 1084 1548 1133 castigatae
1593 1083 1720 1133 graui-

190 1161 278 1186 ores
318 1154 426 1200 sunt,
467 1162 582 1200 quam
620 1154 660 1188 ut
703 1150 740 1188 id
778 1149 994 1188 credamus.
1051 1151 1170 1187 immo
1203 1150 1276 1187 tria
1309 1149 1373 1187 illa
1407 1161 1548 1199 genera
1582 1161 1720 1199 parum

191 1214 400 1265 diligenter
439 1214 665 1253 distinxisse
704 1215 873 1254 uidetur.
924 1228 1013 1254 nam
1054 1215 1148 1253 illud
1188 1214 1345 1266 quidem
1384 1214 1485 1266 apud
1522 1214 1719 1253 rhetorem

193 1279 379 1318 didicerat
414 1280 596 1319 Isocratis
631 1281 808 1332 exemplo
841 1286 1060 1332 temporum
1096 1280 1273 1319 ordinem
1306 1282 1345 1318 iu
1378 1279 1569 1318 laudando
1610 1281 1720 1331 sequi

191 1351 252 1385 aut
288 1345 586 1397 Xenophontem
626 1348 800 1386 imitatus
840 1348 1042 1385 materiam
1083 1346 1299 1385 secundum
1338 1347 1507 1384 uirtutes
1542 1345 1719 1396 digerere

191 1414 292 1457 (nid.
321 1413 377 1450 ad
402 1413 575 1451 Ilerenn.
600 1413 674 1451 III
693 1412 731 1461 8,
753 1414 812 1463 5,),
846 1412 914 1451 sed
946 1417 990 1451 ut
1021 1413 1089 1451 has
1124 1413 1305 1463 rationes,
1339 1424 1434 1463 quas
1467 1416 1573 1449 recte
1600 1410 1719 1456 Quin-

191 1476 347 1515 tilianus
383 1474 616 1531 distinxisti,
656 1479 696 1516 in
728 1479 809 1516 uita
841 1479 974 1529 Attici,
1014 1479 1054 1516 in
1088 1491 1161 1529 qua
1199 1490 1274 1515 non
1309 1477 1474 1516 habebat
1506 1489 1620 1527 quem
1655 1489 1719 1514 ex-

191 1542 393 1593 scriberet,
420 1544 589 1593 miscuit,
622 1556 693 1594 per
725 1556 859 1595 genus,
893 1543 1175 1593 educationem,
1209 1542 1512 1581 adulescentiam
1541 1541 1718 1580 Romam-

191 1620 264 1658 que
305 1607 534 1659 aduentum,
573 1614 655 1647 tum
695 1621 766 1660 per
803 1610 924 1648 uitam
965 1609 1161 1660 publicam
1200 1613 1287 1659 post
1328 1607 1512 1646 auunculi
1553 1612 1719 1645 mortem

191 1672 407 1712 secundum
436 1678 609 1725 tempora
639 1674 785 1713 adnexa
812 1674 1057 1725 liberalitate,
1086 1674 1253 1725 denique
1280 1685 1351 1724 per
1377 1674 1496 1711 uitam
1527 1673 1717 1723 priuatam

191 1738 405 1777 secundum
446 1740 614 1778 uirtutes
654 1753 737 1778 eam
778 1753 983 1791 enarrans,
1022 1741 1090 1790 ita,
1137 1752 1224 1778 cum
1270 1740 1436 1777 oratoria
1474 1739 1719 1777 institutione

191 1803 364 1842 absoluta
411 1805 493 1842 siue
540 1804 655 1843 Attici
702 1806 785 1843 siue
825 1805 1007 1844 Varronis
1054 1806 1283 1843 auctoritate
1329 1803 1375 1842 ad
1418 1804 1717 1855 peripateticum

191 1869 286 1907 illud
326 1882 449 1917 genus
487 1871 588 1908 uitas
629 1870 828 1909 scribendi
860 1871 1244 1921 Alexandrinumque
1279 1870 1427 1908 delatus
1462 1874 1576 1920 esset,
1609 1870 1718 1907 noui-

194 1940 268 1972 tate
296 1936 353 1973 rei
380 1940 584 1986 correptus
613 1936 727 1973 citius
759 1936 932 1975 seribere
958 1937 1141 1987 instituit,
1168 1936 1397 1986 priusquam
1426 1940 1571 1973 certam
1599 1947 1718 1985 quan-

193 2000 277 2038 dam
314 2001 502 2038 rationem
544 2000 617 2038 sibi
650 2002 983 2052 praescripsisset,
1018 2014 1091 2052 qua
1130 2013 1364 2052 quamquam
1402 1999 1718 2051 progredientem

192 2067 229 2103 in
271 2078 386 2116 opere
428 2078 468 2103 se
509 2078 641 2104 carere
688 2068 859 2105 sensisse
899 2080 986 2106 eum
1032 2072 1338 2105 consentaneum
1385 2071 1459 2113 est,
1502 2070 1630 2104 tamen
1671 2078 1718 2103 nc

194 2138 283 2169 tunc
318 2131 487 2181 quidem,
521 2131 623 2181 quod
657 2137 761 2169 esset.
787 2132 881 2170 illud
910 2132 1133 2181 discrimen,
1167 2131 1364 2169 subtiliter
1390 2132 1601 2181 perspexit.
1647 2131 1717 2168 lioc

192 2197 294 2234 enim
338 2195 541 2246 Pelopidae
581 2198 735 2235 initium
776 2202 831 2235 est
868 2199 954 2245 (Hi,
984 2198 1047 2244 I).·
1092 2198 1301 2246 Pelopidas
1344 2197 1554 2235 Thebanus
1591 2199 1719 2245 mayel<

191 2263 396 2301 historicis
428 2274 547 2310 quam
579 2265 699 2311 uulqo
733 2269 859 2302 nolus.
897 2266 1013 2301 euius
1040 2264 1088 2301 de
1120 2264 1338 2301 uirtutibus
1366 2263 1502 2300 (lubilo
1529 2263 1718 2310 quemad-

192 2329 349 2365 modum
381 2340 591 2377 exponam,
625 2330 733 2377 qnod
758 2340 913 2373 uereor,
938 2331 974 2366 si
1000 2340 1064 2367 res
1091 2329 1299 2376 (aplicare
1326 2329 1530 2375 incqpimn,
1557 2339 1607 2364 ne
1638 2338 1716 2364 non

192 2395 316 2430 uitam
339 2396 423 2431 eins
443 2405 645 2431 enarrare
663 2396 737 2431 sed
753 2395 963 2432 historiam
989 2395 1133 2431 uidear
1152 2394 1358 2435 scrihere,-
1389 2394 1424 2430 εἰ
1447 2393 1719 2430 tantummodo

191 2470 363 2496 summas
396 2461 587 2507 (tlliqero,
623 2472 672 2497 ne
704 2461 873 2497 rudibus
911 2460 1161 2497 Graecarum
1193 2460 1421 2497 le'tlerarum
1453 2459 1584 2495 minus
1617 2458 1717 2495 diln-

316 2586 346 2627 1)
374 2584 422 2617 HI
452 2588 481 2627 7,
501 2588 540 2618 15
574 2585 683 2620 Alias
709 2586 839 2620 aetatis
862 2585 1000 2630 gradus
1024 2589 1274 2630 maturumque
1299 2595 1418 2618 'rerum
1439 2583 1601 2618 ordinem
1619 2584 1720 2628 sequi

193 2638 386 2681 :pecias-ius
417 2638 507 2681 snit,
544 2643 580 2672 nt
614 2639 652 2672 in»
679 2640 811 2682 primis
837 2639 947 2673 annis
973 2639 1188 2673 laudm-etm-
1214 2639 1362 2679 z'ndoles,
1391 2642 1465 2672 mm
1491 2638 1717 2682 disciplinae,

190 2694 271 2733 post
296 2691 359 2724 hoc
385 2702 541 2734 opernm,
570 2692 606 2725 1²11
632 2696 680 2726 est
705 2693 885 2734 sectorum
912 2692 1156 2735 dican-nmque
1182 2695 1387 2733 eonteoetus;
1407 2691 1502 2725 alias·
1527 2691 1566 2724 in
1588 2691 1719 2734 species

197 2744 370 2778 uirtutum
399 2744 562 2779 dimam-e
588 2746 742 2783 laudem,
768 2745 1009 2788 fortitn(lim's‚
1038 2745 1208 2786 institiae,
1234 2744 1475 2779 continentiae
1506 2748 1716 2778 ceterarum-

195 2808 271 2840 que,
298 2810 339 2831 oe
365 2798 519 2842 sinyulis
545 2800 742 2843 assiymov,
775 2810 865 2842 (suae
896 2799 1089 2833 secundnm
1118 2809 1294 2842 quamque
1326 2809 1448 2832 earum
1479 2801 1577 2842 qesta
1602 2801 1717 2832 erzmt.
