1842 3133
167 150 278 179 hvln
495 135 557 168 DE
585 132 891 168 SCRIPTonVM
920 131 1042 165 VITIs
1070 131 1130 164 ET
1159 130 1367 165 SCRIPTIS

164 248 286 285 l'itam
323 246 502 297 produxit
539 251 645 283 certe
679 256 804 294 usque
838 243 884 281 ad
919 256 949 281 a.
978 239 1158 292 311723,
1192 255 1267 293 quo
1300 242 1458 280 Asinius
1491 242 1695 280 historiam

163 326 371 361 aggressus
405 318 475 349 cst.

282 378 368 415 Vtut
411 383 487 426 est,
527 375 573 414 ad
613 376 818 413 historiam
858 372 1113 411 excolendam
1151 372 1366 423 plurimum
1404 372 1544 422 ualuit,
1578 385 1694 423 quam

162 444 210 481 oh
246 456 339 493 rem,
374 454 609 492 quamquam
643 446 748 479 certa
784 444 1012 489 argumenta
1048 437 1246 488 deliciunt,
1281 438 1377 476 duos
1410 450 1543 476 rerum
1570 439 1693 488 scrip-

162 516 266 546 tores
299 508 545 558 antiquitatis
579 505 787 554 studiosos,
815 518 833 543 3
863 503 1006 555 quibus
1037 516 1127 542 eum
1154 503 1331 541 auditum
1360 515 1446 542 esse
1479 503 1534 541 nil
1567 502 1695 541 obstat

162 575 372 624 quominus
407 573 661 621 coniciamus,
696 572 732 609 ei
765 570 1061 609 subnexuimus.
1126 570 1235 620 prior
1267 573 1326 607 est

656 708 694 746 C.
724 707 996 745 SVLPICIVS
1029 706 1208 744 GALBA

162 806 411 855 imperatoris
445 803 586 842 Galbae
620 816 728 853 auus,
764 802 809 841 de
837 814 912 853 quo
941 802 1153 840 Suetonius
1182 800 1288 839 Gall).
1310 799 1353 840 3:
1387 803 1511 851 Avus,
1540 805 1695 841 clarior

159 873 304 909 studiis
340 882 458 919 quam
498 871 698 917 diffite‘lale
736 870 832 915 (note
867 870 971 906 enim
1004 879 1188 915 eqressus
1224 873 1454 916 praeturae
1484 870 1694 916 glumam),

159 939 417 985 mizltiplivem
456 947 530 973 nec
569 937 816 973 incuriosam
856 935 1067 972 historiam
1106 934 1244 971 edidit.
1296 931 1419 971 Natus
1460 934 1581 983 igitur
1623 932 1695 971 fuit

160 1002 396 1052 comparatis
424 1000 698 1039 consulatuum
726 997 972 1049 temporibus
1006 997 1076 1035 tilii
1103 1002 1141 1035 et
1166 999 1321 1048 nepotis
1355 1011 1386 1036 a.
1415 998 1495 1036 sere
1526 995 1692 1041 75J679.

161 1066 362 1118 multiplex
404 1071 533 1104 autem
566 1066 754 1115 uariaque
788 1065 904 1102 etiam
939 1063 1025 1101 Atei
1061 1062 1236 1101 doctrina
1265 1076 1284 1101 a
1313 1064 1500 1102 Suetonio
1539 1063 1693 1115 dicitur,

160 1134 227 1183 qui
259 1134 506 1181 octingentos
541 1130 661 1168 libros
696 1130 1069 1168 commentariorum
1107 1128 1169 1167 uel
1210 1128 1317 1179 hyles
1352 1125 1497 1183 (ὕλης)
1533 1131 1695 1181 scripsit

161 1200 287 1240 (Suet.
319 1201 341 1236 l.
368 1199 430 1247 3.),
476 1209 566 1235 011111
611 1197 820 1234 curiositas
866 1194 913 1232 ad
959 1193 1202 1244 diligentiam
1247 1193 1349 1245 apud
1394 1196 1692 1245 grammaticum

159 1259 372 1316 spectetlfm
419 1262 490 1300 hac
536 1263 657 1312 igitur
701 1266 783 1299 arte
824 1260 1028 1298 historiam
1068 1261 1242 1309 ornauit,
1283 1272 1357 1311 qua
1398 1272 1461 1298 res
1499 1260 1693 1298 Romanas

159 1328 205 1366 ah
239 1330 389 1379 origine
423 1327 534 1366 urbis
566 1339 692 1377 usque
726 1326 772 1364 ad
806 1338 917 1364 suam
944 1330 1111 1363 aetatem
1140 1325 1366 1376 complexus
1395 1331 1453 1364 est
1481 1327 1551 1375 (fr.
1576 1327 1611 1364 I.
1634 1328 1691 1372 2).

158 1393 361 1432 Nouerunt
403 1405 493 1431 eum
526 1393 682 1441 Liuius,
718 1404 764 1430 ex
798 1405 874 1442 quo
908 1390 1071 1429 Orosius
1105 1403 1173 1429 sua
1208 1392 1377 1442 sumpsit
1404 1392 1473 1441 (fr.
1497 1392 1554 1441 2),
1587 1391 1691 1442 Iuba,

159 1473 205 1497 ex
244 1472 320 1510 quo
360 1458 592 1497 Plutarchus
628 1459 698 1507 (fr.
729 1459 785 1507 I),
826 1457 988 1507 Plinius,
1023 1457 1094 1507 qui
1133 1468 1223 1494 eum
1261 1457 1301 1494 in
1341 1461 1416 1495 nat.
1445 1456 1534 1495 hist.
1562 1456 1691 1495 indice

158 1530 362 1563 auctorum
397 1524 486 1562 libri
520 1533 663 1561 XXXVI
698 1524 927 1561 nominauit.

718 1655 798 1712 (L.)
833 1660 1139 1697 ARRVNTIVS

158 1756 347 1795 irridetur
380 1770 398 1794 a
433 1756 581 1795 Seneca
614 1755 845 1806 philosopho
874 1755 944 1804 (fr.
968 1755 1122 1805 lsqq2),
1162 1754 1265 1805 quod
1304 1755 1343 1792 in
1383 1754 1559 1792 historiis
1598 1754 1688 1793 belli

157 1823 295 1860 Punici
328 1823 459 1873 inepte
488 1821 662 1859 Sallustii
696 1822 969 1871 antiquitatem
1003 1826 1039 1858 et
1072 1819 1320 1870 breuitatem,
1353 1819 1538 1858 inductus
1572 1819 1688 1858 credo

114 1889 116 1892 ”
157 1889 241 1926 Atei
277 1887 451 1925 doctrina
486 1886 738 1937 Sallustiique
773 1885 1043 1936 admiratione,
1078 1886 1252 1923 imitatus
1285 1886 1346 1935 sit,
1379 1890 1422 1923 ut
1455 1897 1553 1936 quae
1587 1885 1689 1936 apud

156 1953 265 1991 illum
301 1965 387 1990 rara
421 1953 599 2002 fuissent,
633 1951 736 2003 apud
768 1951 872 1989 hunc
907 1950 1044 1989 crebra
1075 1950 1195 1989 uerba
1224 1955 1356 1988 essent
1383 1955 1421 1988 et
1447 1962 1570 2001 paene
1598 1963 1688 1989 con-

157 2020 276 2056 tinua.
334 2019 441 2068 atqui
475 2017 578 2055 idem
612 2030 701 2055 eum
737 2015 884 2055 ‘uirum
917 2028 1026 2054 rarae
1061 2013 1310 2066 frugalitatis*
1345 2015 1508 2066 appellat
1550 2016 1687 2054 simili-

157 2090 294 2134 terque
335 2082 390 2121 ⁶11.
424 2084 601 2121 Arruntii
640 2084 769 2133 prisca
814 2083 1006 2132 grauitate
1052 2081 1299 2119 celeberrimi
1346 2079 1476 2119 tidem’
1520 2080 1688 2119 Velleius

158 2150 226 2189 (ll
254 2150 321 2197 mi,
344 2151 388 2195 2)
416 2148 628 2199 praedicat.
673 2149 804 2198 itaque
838 2148 1023 2198 quoniam
1057 2146 1102 2184 ab
1136 2151 1302 2197 utroque
1337 2146 1505 2184 eundem
1540 2146 1687 2184 dictum

156 2227 241 2252 esse
281 2215 367 2252 ueri
406 2213 650 2251 simillimum
691 2219 767 2263 est,
813 2212 859 2251 ab
904 2213 978 2250 hoc.
1023 2217 1151 2250 autem
1198 2211 1399 2249 consulem
1444 2211 1685 2250 ordinarium

156 2293 186 2317 a.
228 2277 396 2331 2273?
443 2286 594 2317 certum
641 2274 750 2331 (nam
797 2277 843 2316 ab
890 2290 934 2315 eo
981 2277 1135 2315 Sosium
1188 2283 1389 2315 seruatum
1438 2289 1523 2315 esse
1569 2276 1686 2326 addit,

158 2347 397 2394 I'rosopofflz
429 2346 514 2393 lp.
544 2345 629 2383 143
648 2356 704 2392 sq.
732 2357 768 2382 η.
798 2344 915 2397 928),
959 2356 976 2380 3
1018 2342 1057 2380 L.
1092 2342 1276 2379 Arruntio
1322 2355 1399 2380 cos.
1434 2355 1464 2380 a.
1499 2339 1554 2379 22
1600 2341 1686 2379 illas

155 2410 338 2448 historias
379 2411 613 2460 compositas
651 2422 737 2447 esse
769 2421 908 2459 magna
942 2420 1030 2446 cum
1064 2406 1338 2458 probabilitate
1372 2408 1567 2458 sequitur,
1607 2419 1686 2444 non

156 2488 173 2512 a
210 2475 287 2512 tilio
322 2488 398 2513 cos.
426 2488 457 2512 a.
486 2472 637 2524 o‘759,
671 2487 787 2525 quem
826 2479 869 2511 ut
907 2478 1101 2511 oratorem
1143 2471 1404 2510 clarissimum
1446 2471 1612 2510 multum
1646 2473 1684 2509 in

156 2541 233 2577 uita
275 2540 471 2590 rebusque
512 2539 679 2590 publicis
718 2544 919 2577 uersatum
961 2544 994 2576 et
1037 2551 1055 2575 a
1095 2537 1228 2575 Tacito
1268 2536 1465 2575 laudatum
1512 2536 1558 2575 ad
1600 2536 1684 2575 illas

155 2606 385 2643 imitationis
412 2606 580 2655 ineptias
603 2604 854 2642 descendisse
875 2605 938 2641 uix
963 2603 1170 2641 credemus
1192 2598 1361 2655 (Schanz
1389 2602 1421 2640 ll
1452 2599 1494 2640 1²
1514 2615 1549 2653 p.
1565 2599 1683 2655 284).

157 2669 230 2708 Sed
266 2669 446 2707 nolumus
480 2671 565 2707 eius
598 2671 717 2708 uitam
753 2669 905 2719 longius
939 2669 1135 2719 persequi,
1169 2680 1267 2718 quae
1295 2667 1340 2706 ab
1369 2672 1598 2718 argumento
1626 2667 1683 2705 hi—

278 2806 305 2837 1,
337 2800 387 2834 Cf.
411 2802 578 2845 quamuis·
605 2803 742 2835 curiose
771 2802 983 2845 inquirerem
1013 2800 1110 2834 Suet.
1135 2800 1241 2844 Vesp.
1268 2804 1295 2833 1.
