1842 3133
221 137 301 176 154
725 134 922 168 ONESIMI
949 134 1063 168 VITA
1090 134 1232 169 PROBI

219 246 465 284 hortantibus
499 245 846 296 Lugdunensibus,
885 247 951 297 qni
987 252 1025 284 et
1057 246 1102 284 ab
1136 246 1345 285 Aureliano
1384 249 1557 296 grauiter
1592 249 1743 286 0011111ςί

216 312 463 361 uidebantur,
497 317 531 349 et
568 311 737 349 Probum
778 312 1124 350 uehementissime
1165 313 1504 364 pertimeseelumt,
1542 315 1583 351 in
1622 315 1743 364 impe-

216 379 315 415 rinm
350 378 545 415 not-italus
585 382 655 426 est,
696 376 786 415 ludo
820 390 942 427 paene
976 391 1019 415 arv
1053 378 1149 428 1000,
1186 383 1229 416 ut
1260 377 1469 416 Onesimus
1504 379 1608 429 dicit,
1641 379 1743 430 quod

215 442 371 493 quidem
418 441 519 493 apud
564 442 713 480 nullum
760 442 876 481 alium
924 444 1146 493 repperisse
1191 456 1253 481 me
1298 445 1389 482 scio.
1442 457 1530 482 nam
1573 457 1660 483 eum
1703 445 1742 482 in

215 508 380 560 quodam
422 509 604 547 conuiuio
645 508 690 546 ad
730 508 970 547 latrunculos
1010 508 1212 547 luderetur
1245 514 1359 559 atque
1393 510 1476 560 ipse
1510 509 1639 548 decies
1672 511 1743 548 im-
1781 525 1796 549 5

215 580 370 625 perator
397 575 553 624 exisset,
581 573 740 625 quidam
767 586 845 612 11011
872 573 1055 623 ignobilis
1083 587 1217 612 scurra
1242 572 1351 613 ‘Aue'
1380 574 1516 625 inquid
1538 572 1743 626 ‘Auguste’

214 639 418 690 adlataque
464 639 549 677 lana
596 652 792 690 purpurea
837 640 985 677 umeris
1031 641 1115 678 eius
1159 641 1286 678 iunxit
1331 652 1498 691 eumque
1549 640 1742 693 adorauit3

215 707 330 743 timor
373 705 465 743 inde
512 706 759 743 consciorum
806 710 921 756 atque
968 704 1058 743 inde
1104 706 1180 743 iam
1226 706 1423 744 exereitus
1462 706 1663 756 temptatio
1706 711 1744 744 et

213 771 380 822 imperii.

332 839 373 882 ⁴2.
428 842 521 891 I'op.
559 843 656 881 Bon.
698 843 765 893 14,
798 843 825 881 3
887 842 940 881 De
986 842 1058 881 1100
1105 842 1296 892 [Bonoso]
1343 842 1576 881 Aurelianus
1628 855 1796 894 saepem

214 907 383 946 dicebat:
418 905 518 945 ‘Non
558 913 601 945 ut
639 909 748 946 uiuat
786 913 900 946 natus
940 913 998 946 est
1037 908 1104 946 sed
1149 913 1192 946 ut
1236 905 1370 947 hibat?
1428 920 1544 958 quem
1584 907 1741 958 quidem

214 973 276 1011 din
317 974 356 1011 in
399 973 543 1010 bonore
585 972 719 1011 babuit
758 986 873 1011 rausa
907 973 1079 1011 militiae.
1132 986 1220 1012 nam
1255 974 1288 1012 si
1320 973 1473 1024 quando
1508 973 1621 1023 legati
1656 973 1741 1012 bar-

213 1038 394 1076 barorum
434 1037 710 1089 undecumque
750 1040 924 1088 gentium
969 1040 1189 1089 uenissent,
1230 1040 1306 1090 ipsi
1343 1038 1664 1089 propinabantur,
1700 1044 1743 1078 ut

212 1118 277 1140 vos
310 1103 525 1142 inebriaret
558 1110 672 1154 atque
713 1103 759 1142 ab
794 1105 854 1142 bis
888 1117 958 1155 per
990 1106 1127 1142 uinum
1162 1109 1299 1142 cuncta
1340 1109 1605 1154 cognosceret.
1657 1107 1741 1156 ipse

211 1169 498 1220 quantumlibet
530 1168 706 1220 bibisset7
740 1182 896 1220 semper
930 1182 1094 1208 securus
1128 1175 1166 1208 et
1198 1169 1353 1208 sobrius
1380 1175 1428 1220 et,
1461 1175 1504 1208 ut
1530 1169 1740 1209 Onesimus
1762 1185 1793 1209 15

212 1234 316 1284 dicit,
350 1236 521 1285 scriptor
552 1236 656 1273 uitae
690 1235 817 1285 Probi,
852 1235 976 1273 adbuc
1010 1237 1049 1273 in
1082 1236 1175 1274 uino
1208 1234 1449 1286 prudentior.

330 1302 373 1346 3.
417 1307 507 1356 I'op.
542 1307 632 1344 Car.
661 1307 699 1357 4,
728 1307 752 1345 2
792 1306 1002 1345 Onesimus
1036 1308 1152 1358 enim,
1187 1308 1252 1358 qui
1288 1306 1586 1358 diligentissime
1618 1308 1740 1346 uitam

212 1371 326 1409 Probi
360 1373 530 1422 scripsit,
570 1371 714 1410 Romae
753 1371 863 1410 illum
898 1371 1086 1422 [Carum]
1122 1378 1160 1411 et
1197 1378 1331 1411 natum
1370 1378 1409 1410 et.
1441 1371 1639 1410 eruditum
1672 1372 1740 1411 sed

211 1437 441 1487 lllyrieianis
474 1436 703 1487 parentibus
738 1438 858 1476 fuisse
892 1437 1104 1477 contendit.

328 1505 372 1548 4.
417 1509 506 1558 Vos).
552 1510 642 1547 Car.
684 1510 750 1558 16,
786 1510 808 1547 I
870 1510 1057 1560 Superest
1108 1509 1220 1548 nobis
1266 1508 1449 1560 Carinus,
1496 1509 1611 1547 1101110
1660 1522 1739 1548 om·
1760 1518 1793 1542 20

210 1576 318 1612 nium
359 1575 778 1626 rmtaminatissimus‚
823 1574 992 1626 adulter,
1038 1575 1225 1626 frequens
1270 1579 1478 1625 corruptor
1522 1575 1739 1613 iuuentutis

211 1635 346 1690 (pudet
397 1639 527 1678 dicere
574 1640 677 1691 quod
723 1641 761 1678 in
801 1640 950 1679 litteras
990 1639 1200 1679 Onesimus
1241 1636 1420 1694 rettulit),
1461 1642 1544 1691 ipse
1584 1653 1738 1691 quoque

209 1704 308 1743 male
342 1718 437 1743 usus
471 1706 584 1755 genio
619 1718 736 1744 sexus
770 1706 841 1744 sui.

333 1773 349 1785 μιν

329 1788 372 1816 a).
416 1777 506 1826 ΠΨ.
538 1778 628 1815 Car.
658 1778 742 1827 7‚3
779 1777 943 1815 Exstant
982 1779 1097 1815 etiam
1137 1777 1290 1815 litterae
1330 1777 1429 1828 Cari,
1466 1777 1608 1828 quibus
1647 1783 1739 1829 aput

209 1843 451 1892 praesertum
485 1855 597 1880 suum
633 1842 678 1880 de
707 1842 839 1881 Carini
872 1842 1048 1881 moribus
1082 1848 1280 1893 queratur,
1313 1849 1357 1881 ut,
1389 1849 1573 1894 appareat
1598 1856 1737 1882 uerum
1758 1851 1790 1876 25

209 1920 313 1957 esse,
347 1907 449 1958 quod
482 1907 692 1946 Onesimus
727 1907 838 1959 dicit,
871 1908 1056 1946 habuisse
1090 1909 1130 1946 in
1163 1909 1291 1947 animo
1325 1909 1484 1959 (larum,
1520 1914 1563 1947 ut
1596 1908 1736 1947 Carino

209 1974 494 2011 Caesareanum
530 1972 736 2024 abrogaret
768 1975 990 2025 imperium.

327 2042 371 2084 (i.
414 2045 505 2094 1⁷01).
539 2045 630 2083 Car.
659 2046 725 2093 17,
754 2046 781 2083 6
817 2046 1013 2083 Statuerat
1048 2045 1215 2096 denique
1250 2045 1418 2095 [Carus]
1455 2045 1736 2096 Constantium,

208 2111 272 2160 qni
326 2114 457 2160 postea
510 2109 653 2148 Caesar
704 2116 762 2149 est
814 2112 955 2161 sactus,
1009 2116 1100 2149 tune
1157 2116 1285 2149 autem
1336 2110 1599 2161 praesidatum
1651 2110 1736 2149 Dal-

209 2176 348 2213 matiae
394 2175 709 2226 minamini-nbat,
754 2177 793 2214 in
840 2176 967 2214 lorum
1014 2178 1099 2214 eins
1140 2175 1320 2225 [Carini]
1362 2175 1594 2226 subrogare,
1633 2176 1735 2227 quod
1756 2184 1789 2208 30

209 2253 322 2278 111-1110
362 2246 455 2279 tune
493 2242 555 2279 uir
595 2241 733 2279 melior
771 2241 991 2293 uidebatur7
1032 2241 1138 2279 illum
1173 2254 1280 2292 uero,
1313 2247 1354 2279 ut.
1387 2241 1597 2280 Onesimus
1631 2241 1736 2293 dicit,

207 2305 398 2344 orcidere.

330 2474 362 2509 7.
397 2486 592 2522 purporea
611 2475 646 2511 P
764 2471 856 2511 uim}
879 2475 914 2511 P

328 2527 371 2582 2,
414 2534 472 2569 13.
507 2533 602 2581 ipsis
635 2534 873 2582 propinabat]
899 2535 953 2572 ecl.
970 2547 1029 2582 pr.
1231 2536 1294 2572 15.
1329 2546 1487 2571 seuerus
1514 2534 1735 2581 Petschenig]

214 2592 383 2628 Imm-A:
405 2604 445 2638 p.
469 2594 556 2629 356

328 2646 371 2701 ὅ,
406 2653 471 2687 21.
506 2652 624 2689 etiam
649 2652 814 2691 0115111111.
848 2653 927 2691 iam
953 2653 990 2690 P
1138 2654 1201 2690 25.
1237 2654 1451 2701 quaeratur
1476 2652 1513 2689 P
