1842 3133
504 89 599 123 IMP.
622 87 843 122 TIBERIVS
870 87 1106 122 CLAVDIVS
1132 86 1263 121 NERO
1487 100 1648 130 CXVHH

122 203 298 241 numeris
336 202 377 239 in
417 200 713 239 similitudinem
754 199 945 250 quandam
983 212 1053 250 per
1090 199 1217 237 lusum
1255 198 1396 236 leuiter
1429 198 1646 237 rotundatis

119 268 333 318 exornauit,
360 271 403 305 111
429 266 665 317 septingenti
693 265 739 303 ab
761 265 857 303 urbe
885 264 1038 303 condita
1066 278 1189 315 nsque
1218 264 1264 302 ad
1286 263 1491 302 Caesarem
1519 265 1647 314 Augu-

119 338 222 371 stum
256 333 524 381 efficerentur,
563 331 602 369 id
636 336 695 369 est
726 344 850 381 nsque
891 330 937 368 ad
971 344 1000 367 a.
1035 328 1221 381 294724,
1261 343 1335 380 (1110
1371 327 1530 380 ‘ubique
1569 342 1644 367 nna

117 403 231 448 atque
265 398 448 435 continua
481 397 636 447 generis
670 396 829 434 hnmani
863 402 927 433 aut
961 409 1030 446 pax
1067 397 1139 434 snit
1167 401 1232 433 aut
1259 391 1464 446 fatigatio',
1499 408 1643 433 annum

117 464 509 514 septingentesimum
543 461 758 500 secundum
793 474 922 500 aeram
950 462 1173 499 Cincianam
1204 462 1363 509 (Unqer
1383 464 1405 499 l.
1425 461 1644 510 s.p.431).

118 528 186 567 sed
219 533 306 567 utut
339 532 409 578 est,
443 527 667 566 Lactantius
699 527 763 565 uel
797 528 881 565 eins
915 532 1051 565 auctor
1078 528 1250 565 Senecae
1285 527 1518 564 sententiani
1546 527 1645 564 inte-

116 595 285 644 griorem
325 594 517 643 seruauit,
557 594 629 631 etsi
669 592 853 631 Brandtio
894 593 1016 639 (Asld.
1051 594 1106 630 acl
1136 592 1321 630 Laetam.
1351 593 1374 629 I
1400 604 1443 641 st.
1475 606 1540 629 (saw
1567 593 1642 640 sq.)

115 664 153 698 01
185 659 228 697 1).
256 658 493 697 Rossbachio
522 661 580 705 (sn
615 660 674 696 ed.
703 659 822 697 Flore'
849 671 888 707 [1.
912 659 1103 706 Lmsqq.)
1139 658 1254 695 etiam
1282 656 1367 695 aliis
1401 656 1496 694 locis
1524 657 1643 695 Sene-

116 738 199 763 cam
227 730 265 763 et
291 724 404 763 Floro
432 729 469 762 et
495 723 695 762 Lactantio
724 719 757 776 (1
788 720 853 773 15,
881 721 955 775 313
983 720 1052 774 22,
1083 720 1206 760 1—4.
1240 722 1269 759 V
1299 720 1363 772 13,
1394 719 1466 775 13)
1498 722 1641 760 sontem

115 791 234 829 fuisse
269 789 489 828 dicentibus
523 801 599 827 non
634 788 844 827 adsentior.
898 788 1039 827 Filium
1067 788 1162 826 llaec
1189 787 1304 826 illane
1333 788 1371 825 in
1400 787 1520 826 libros
1550 801 1641 825 suos

115 869 159 893 ex
187 857 309 906 patris
336 855 512 893 historiis
541 853 786 892 transtulisse
814 866 884 905 per
917 867 958 892 se
991 855 1077 892 ueri
1105 853 1231 892 simile
1260 858 1318 891 est
1352 866 1479 904 neque
1510 858 1639 891 tamen

113 934 201 959 cum
240 920 479 959 Rossbaellio
520 920 801 969 (1011166
825 921 927 968 sqq.)
976 919 1164 970 quaedam
1212 920 1322 970 quasi
1369 918 1489 969 digito
1532 931 1640 956 mon-

113 991 237 1024 strare
271 985 375 1024 uolo.

366 1324 492 1371 IMP.
523 1324 816 1371 TIBERIVS
857 1323 1166 1371 CLAVDIVS
1205 1323 1377 1370 NERO

229 1443 342 1482 Solus
366 1444 586 1482 Suetonius
619 1443 825 1482 historiam
858 1445 949 1495 imp.
983 1443 1132 1481 Tiberii
1166 1444 1486 1482 commemorauit
1520 1443 1637 1495 idque

109 1515 149 1548 ut
184 1522 273 1548 eum
307 1510 426 1547 certis
459 1510 701 1559 argumentis
736 1510 934 1548 refutaret.
998 1509 1206 1560 Inscriptio
1234 1509 1307 1547 fuit
1334 1506 1403 1547 ‘De
1431 1510 1512 1548 uita
1540 1507 1636 1557 sua',

110 1588 276 1626 quaeum
327 1580 459 1613 utrum
507 1572 854 1614 ‘conmmentart‘us'
903 1574 949 1613 ab
994 1576 1105 1613 initio
1152 1576 1385 1613 coniunctus
1430 1576 1481 1613 sit
1525 1588 1572 1614 an
1618 1589 1636 1614 a

110 1640 294 1679 Suetonio
322 1640 488 1690 additus,
522 1641 717 1678 incertum
752 1645 821 1678 est.
880 1645 984 1678 certe
1012 1638 1252 1679 esummatim
1286 1639 1555 1692 breuiterque’
1592 1654 1636 1679 eo

108 1711 207 1744 teste
241 1707 481 1757 compositus
515 1711 594 1744 erat
629 1710 743 1757 atque
777 1705 823 1744 ad
855 1705 1011 1756 publice
1047 1705 1332 1744 defendendam
1364 1706 1486 1744 uitam
1515 1719 1635 1757 suam,

109 1784 183 1822 qua
207 1770 364 1822 quidem
385 1772 425 1809 in
448 1783 488 1809 re
510 1784 558 1809 ne
579 1771 810 1809 manufestis
831 1770 988 1821 quidem
1009 1771 1225 1809 mendaciis
1251 1772 1439 1822 pepercit,
1467 1784 1567 1823 nam,
1593 1778 1635 1810 ut

107 1836 210 1874 idem
245 1836 348 1886 dicit,
382 1836 548 1874 alterum
577 1836 699 1875 tilium
721 1836 943 1875 Germanici
965 1832 1200 1890 (Neronem)
1224 1838 1306 1888 ipse
1329 1842 1416 1875 ante
1439 1837 1634 1888 Seianum,

108 1901 272 1940 alterum
296 1897 504 1954 (Drusum)
527 1906 614 1953 post
635 1915 722 1940 eum
750 1903 961 1940 interemit.
1004 1902 1074 1941 suh
1104 1903 1219 1940 tinem
1247 1903 1367 1952 igitur
1393 1903 1496 1941 uitae
1525 1899 1633 1955 (nam

107 1967 256 2005 Drusus
299 1980 329 2005 a.
363 1965 520 2018 33s786
566 1964 681 2020 obiit)
726 1967 822 2006 illud
873 1967 1104 2018 opusculum
1157 1967 1409 2006 scribendum
1461 1970 1632 2020 suscepit

108 2033 478 2071 commentariorum
506 2038 684 2071 ueterum
714 2032 1004 2084 simplicitatem
1031 2034 1217 2084 imitatus,
1251 2035 1323 2072 etsi
1352 2035 1389 2072 in
1425 2034 1632 2074 scribendo

107 2110 257 2136 summa
297 2102 378 2136 arte
420 2097 613 2149 utebatur,
652 2104 1074 2150 monumentorumque
1106 2098 1353 2150 publicorum
1387 2099 1632 2151 breuitatem,

106 2175 183 2201 non
216 2163 434 2201 ubertatem
469 2163 608 2214 Sullae,
643 2163 855 2214 Ciceronis,
889 2163 1078 2215 Caesaris,
1112 2177 1265 2216 resque,
1306 2177 1470 2216 quarum
1505 2167 1631 2204 curio-

106 2240 173 2265 sus
207 2233 289 2266 erat
323 2230 483 2275 (Gesch.
507 2229 598 2267 Lm.
621 2229 701 2278 [ρ.
723 2228 780 2267 87
799 2231 887 2278 sq),
927 2242 1163 2268 enumerans
1202 2242 1279 2268 non
1313 2242 1512 2268 enarrans.
1575 2231 1628 2269 Ex

108 2292 280 2331 tenebris
326 2298 454 2332 autem
494 2293 704 2333 Suetonius
749 2294 853 2333 hunc
897 2296 1220 2333 commentarium
1266 2294 1424 2333 uidetur
1468 2297 1630 2347 eruisse,

106 2371 193 2396 nam
227 2358 329 2409 quod
356 2358 563 2398 Domitiani
590 2359 799 2398 lectionem
825 2361 927 2399 intra
955 2358 1272 2399 ecommentarios
1300 2366 1334 2398 et
1370 2366 1453 2399 acta
1481 2360 1628 2400 Tiberi’

106 2436 191 2461 sese
232 2424 472 2462 continuisse
513 2424 606 2462 dicit
639 2426 691 2471 (C.
726 2426 819 2476 20),
859 2425 915 2463 illi
953 2439 970 2463 a
1010 2423 1125 2464 ‘uita’
1169 2425 1315 2464 diuersi
1360 2432 1465 2464 erant
1514 2432 1629 2477 atque

105 2501 360 2539 quaecunque
394 2490 433 2526 in
461 2490 769 2542 commentando,
797 2492 1027 2542 priusquam
1055 2496 1249 2541 ageretur,
1284 2490 1477 2542 descripta
1506 2497 1628 2543 erant,

105 2551 513 2608 complectebantui·.¹)

223 2708 255 2737 11
284 2702 335 2737 Cf.
358 2703 442 2737 Tac.
465 2715 548 2737 ann.
568 2705 647 2739 XIII
669 2709 712 2739 43
740 2709 953 2749 compertum
976 2707 1046 2739 siba·
1067 2707 1220 2749 referens
1241 2706 1370 2752 [Nero]
1391 2718 1434 2741 eac
1454 2718 1626 2742 commen-

103 2757 210 2791 tariis
235 2758 353 2800 patris
378 2758 446 2791 sati.
486 2758 570 2791 hist.
592 2758 640 2791 IV
668 2762 711 2791 40
739 2760 986 2793 commentarii
1008 2760 1240 2803 prinfflpales.
