1842 3133
206 116 287 157 13?
451 115 586 150 VVLC.
616 115 957 151 TERENTIANVS
987 138 1027 141 —-
1056 116 1254 151 LOLLIVS
1282 115 1485 150 VRBICVS

204 227 471 277 [illasime'niL
498 233 537 266 ut
568 229 685 266 etiam
717 233 834 279 caput
867 229 951 267 eius
979 229 1123 267 mortui
1152 229 1226 266 iam
1255 229 1424 278 nigrum,
1451 229 1527 266 iam
1555 227 1731 278 sordens,

204 295 277 331 iam
306 299 557 343 maceratum,
586 292 787 332 diflluente
814 293 903 331 tabo
931 293 1039 331 uelut
1065 293 1202 332 umbra
1230 293 1384 344 pulchri
1410 294 1490 331 oriS
1516 292 1731 331 uIderetur.

203 358 370 409 denique
411 371 499 396 rum
538 360 676 409 ingens
716 358 900 409 gaudium
942 364 1056 409 esset,
1095 358 1199 410 quod
1238 363 1353 409 caput
1384 357 1585 396 Maximini
1622 357 1731 396 uide-

202 430 321 474 retur,
354 436 475 474 prope
509 436 578 474 par
610 436 766 462 maeror
798 430 892 474 erat,
926 423 1029 475 quod
1062 430 1099 463 et
1132 424 1201 462 tilii
1234 424 1383 475 pariter
1414 428 1648 475 portaretur.

594 578 897 626 VVLCATII
937 578 1341 625 TERENTIANI

628 673 884 738 HISTORIA
921 675 1007 713 SVI
1039 673 1304 713 TEMPORIS

323 767 362 811 l.
403 771 528 820 Capit.
556 771 676 809 Gord.
697 770 765 819 21,
787 771 812 808 5
846 770 946 808 Sane
980 769 1084 820 quod
1116 769 1508 821 praetermittendum
1542 781 1628 809 esse
1655 782 1732 808 non
1771 786 1785 809 5

201 837 349 887 censui,
389 837 479 887 quia
518 835 697 874 mirabile
737 836 867 874 uisum
908 840 984 886 est,
1024 834 1169 874 lectum
1206 834 1308 886 apud
1334 834 1553 874 Vulcatium
1586 834 1732 874 Teren-

201 903 360 953 tianum,
404 903 470 952 qui
509 907 545 940 et
585 903 668 952 ipse
715 901 917 939 historiam
956 901 1018 939 sui
1055 901 1245 952 temporis
1285 902 1461 952 scripsit,
1501 902 1540 939 in
1582 900 1733 940 litteras

200 969 290 1006 misi
325 966 564 1006 Gordianum
605 968 801 1005 seniorem
835 967 1000 1017 Augusti
1038 965 1192 1005 uultum
1232 967 1287 1005 sic
1327 971 1659 1018 repraesentasse,
1690 972 1734 1005 ut

201 1038 235 1072 et
282 1046 420 1071 uocem
467 1039 505 1072 et
549 1045 698 1071 morem
745 1037 783 1071 et
827 1037 1016 1071 staturam
1062 1031 1238 1071 eiusdem
1277 1037 1475 1070 ostentare
1517 1032 1732 1082 uideretur,

200 1098 324 1137 filium
363 1110 459 1137 uero
495 1098 680 1149 Pompeio
715 1097 959 1136 simillimum
992 1098 1134 1148 uisum,
1169 1099 1349 1148 quamuis
1381 1097 1590 1148 Pompeius
1624 1097 1731 1136 obesi
1754 1112 1786 1137 ιο

201 1165 376 1215 corporis
422 1164 543 1202 fuisse
590 1163 823 1216 denegetur3
875 1168 1057 1214 nepotem
1103 1168 1251 1214 autem,
1296 1164 1408 1201 cuius
1460 1164 1577 1201 etiam
1628 1175 1731 1201 nune

200 1231 391 1280 imagines
424 1229 618 1279 uidemus,
653 1229 848 1281 Scipionis
881 1229 1041 1267 Asiatici
1075 1229 1213 1267 faciem
1248 1228 1459 1267 rettulisse.

736 1383 943 1430 LOLLII
982 1382 1197 1430 VRBICI

629 1479 884 1518 HISTORIA
921 1479 1007 1517 SVI
1039 1477 1304 1517 TEMPORIS

324 1573 365 1616 l.
400 1577 606 1626 Lamprid.
634 1576 754 1614 Be'ad.
783 1575 821 1625 9,
849 1575 872 1612 I
921 1574 1034 1613 Extat
1073 1573 1147 1612 alia
1186 1573 1352 1625 epistula
1394 1573 1441 1612 ad
1478 1579 1645 1612 matrem
1686 1574 1732 1612 ab

202 1642 338 1680 eodem
375 1640 665 1691 [De‘adumeno]
703 1640 893 1679 destinata
927 1639 1032 1678 talis:
1068 1637 1272 1678 ‘DomInus
1305 1645 1440 1678 noster
1473 1644 1509 1677 et
1535 1639 1733 1690 Augustus

202 1721 273 1746 nec
308 1713 344 1746 te
372 1712 473 1746 amat
506 1719 579 1745 nec
612 1708 743 1758 ipsum
777 1718 830 1757 se,
864 1707 931 1757 qui
965 1706 1147 1743 inimicos
1181 1717 1272 1743 suos
1306 1709 1448 1743 seruat.
1501 1717 1568 1755 age
1602 1706 1732 1756 igitur,
1754 1719 1786 1744 15

202 1779 244 1811 ut
281 1773 498 1811 Arabianus
538 1778 576 1811 et
614 1772 766 1811 Tuscus
806 1777 844 1810 et
883 1770 1031 1809 Gellius
1071 1769 1118 1808 ad
1159 1769 1290 1821 palum
1331 1769 1568 1821 defigentur,
1601 1782 1667 1821 ne,
1700 1771 1733 1808 si

202 1840 355 1877 occasio
395 1840 530 1888 fuerit,
569 1850 647 1876 non
686 1833 1029 1889 praetermitta11t.'
1076 1835 1135 1886 Et,
1169 1840 1355 1886 quantum
1390 1834 1536 1874 Lollius
1568 1835 1733 1874 Vrbicus

202 1906 241 1942 in
275 1904 437 1942 historia
471 1905 531 1942 sui
564 1904 754 1954 temporis
789 1902 897 1953 dicit,
928 1903 1027 1940 istae
1058 1901 1210 1940 litterae
1237 1913 1309 1952 per
1334 1902 1531 1939 notarium
1557 1900 1733 1952 proditae

204 1969 258 2007 illi
302 1981 424 2020 puero
469 1968 635 2007 multum
682 1968 784 2019 apud
828 1967 975 2006 milites
1020 1966 1193 2005 obfuisse
1241 1965 1436 2005 dicuntur.
1494 1978 1601 2017 nam,
1644 1978 1733 2004 cum

203 2041 352 2085 patrem
392 2034 647 2082 occidissent,
689 2033 847 2085 quidam
881 2033 985 2071 hunc
1028 2044 1188 2071 seruare
1228 2031 1458 2081 uoluerunt,
1498 2030 1565 2069 sed
1605 2032 1733 2069 extitit
1753 2045 1786 2070 20

203 2100 481 2150 cubicularius,
515 2101 581 2150 qui
614 2100 683 2138 has
717 2098 904 2150 epistulas
938 2099 1109 2136 contioni
1144 2097 1313 2136 militum
1346 2096 1450 2147 legit.

548 2265 722 2311 AELII
760 2264 925 2312 IVNII
964 2262 1153 2310 CORDI
1191 2262 1387 2310 VITAE

325 2370 366 2413 1.
406 2374 530 2423 Capit.
565 2374 662 2422 Opil.
692 2373 728 2423 I,
755 2374 782 2410 3
833 2371 881 2410 Et
924 2371 1033 2409 lunio
1073 2369 1232 2421 quidem
1271 2369 1397 2408 Cordo
1442 2368 1615 2408 studium
1660 2368 1732 2407 fuit

204 2452 339 2477 eorum
385 2440 667 2489 imperatorum
711 2439 813 2476 uitas
852 2436 987 2487 edere,
1027 2448 1125 2487 quos
1164 2434 1413 2474 obscuriores
1446 2433 1622 2486 uidebat3
1664 2435 1732 2484 qui

326 2549 360 2583 2.
393 2547 457 2583 uel
488 2545 649 2583 umbrae
681 2545 920 2594 pulchrioris
942 2545 978 2581 P
993 2556 1061 2582 em.
1083 2544 1223 2591 Haupt

327 2601 366 2655 l,
403 2607 437 2642 5.
479 2605 581 2643 'Sane
615 2604 768 2653 quidem
804 2601 878 2655 [sic
907 2599 1031 2654 uuly]
1060 2624 1117 2628 —
1143 2598 1337 2654 [scripsit]
1364 2603 1405 2638 in
1437 2601 1591 2639 litteras
1623 2601 1731 2639 misit

204 2666 423 2702 anmsm
456 2660 583 2717 (misit
609 2660 665 2701 P3
686 2665 739 2702 ed.
754 2659 838 2716 pr.)
975 2664 1011 2700 8.
1051 2658 1124 2714 sic]
1152 2661 1227 2700 sibi
1253 2662 1290 2699 P
1427 2663 1461 2698 9.
1495 2656 1661 2710 morem]
1689 2672 1730 2697 os

204 2723 323 2762 Salm.
357 2726 507 2761 motum
534 2725 710 2771 Draeyer
742 2723 910 2761 colorem
938 2722 1190 2760 Kellerbauer
1314 2723 1378 2758 10.
1412 2720 1571 2758 obhaesi
1602 2721 1633 2756 P

331 2778 368 2830 l,
410 2787 471 2820 Io.
505 2783 717 2832 diligenter
743 2783 780 2820 P
947 2782 1011 2819 23.
1045 2783 1322 2830 Imperatorem
1343 2776 1397 2817 Ρ1
