1842 3133
206 119 284 159 149.
668 118 888 152 ΑΣιΝιοτ
912 117 1250 151 KOYAAPATOY

202 229 349 268 taribus
376 228 641 279 liei‘lii571111ae
669 229 827 279 propria
856 233 889 265 et
920 229 1002 278 ipsa
1031 226 1260 278 adponenda
1289 226 1460 265 deereui.
1495 226 1729 265 Aurelianus

202 295 314 333 dixit:
350 293 409 332 ‘Et
446 306 532 344 ego,
568 294 723 332 domine
750 293 973 343 Valeriane,
1009 294 1220 344 imperator
1253 293 1436 342 Auguste,
1471 291 1556 330 ideo
1590 297 1729 330 cuneta

203 362 289 410 sevi,
328 359 415 397 ideo
454 359 618 397 uulnera
658 360 853 410 patienter
891 359 1039 409 excepi,
1078 357 1166 396 ideo
1207 363 1241 396 et
1278 370 1398 408 equos
1439 362 1473 396 et
1509 358 1731 395 coniuratos

201 438 309 464 ineos
352 425 495 463 lassaui
534 430 572 463 ut
615 424 710 462 mihi
749 425 893 474 gratias
933 428 1063 473 ageret
1106 435 1168 461 res
1208 436 1242 474 p.
1278 428 1316 461 et
1354 423 1591 461 conscientia
1636 434 1731 460 mea.

202 497 236 529 at
273 497 311 529 tu
347 490 433 542 plus
469 491 608 528 fecisti.
648 502 718 539 ago
758 502 851 539 ergo
884 490 1030 539 gratias
1064 488 1228 526 bonitati
1262 493 1350 527 tuae
1385 493 1422 526 et
1458 489 1606 538 accipio
1640 500 1730 525 oon-
1772 505 1785 528 f)

202 557 389 606 sulatum,
429 568 543 607 quem
585 555 662 594 das.
722 555 817 593 deus
857 555 971 593 faciat
1011 560 1046 592 et
1089 553 1184 592 dens
1225 559 1374 604 certus,
1416 558 1459 591 ut,
1498 558 1536 591 et
1574 558 1733 591 senatus

203 622 249 661 de
284 634 344 660 me
379 623 435 659 sie
469 619 642 659 iudicet?
692 619 899 671 agentibus
932 621 1053 671 igitur
1084 620 1229 670 gratias
1262 618 1444 657 omnibus
1478 619 1733 657 circumstan-

203 687 307 726 tibus
333 687 468 738 leius
495 686 669 725 Crinitus
696 687 866 725 surrexit
902 691 1017 736 atque
1051 685 1121 723 hac
1156 686 1333 723 oratione
1366 697 1463 723 usus
1498 690 1574 723 est:
1608 681 1735 735 ‘Apud

203 755 371 792 maiores
410 758 576 803 nostros,
610 751 812 790 Valeriane
846 752 1036 801 Auguste,
1077 749 1179 801 quod
1220 755 1258 788 et
1296 749 1464 788 familiae
1498 762 1606 787 meae
1640 750 1734 787 ami-

203 832 291 857 runi
331 832 373 857 ar
414 819 617 870 proprium
658 818 739 867 fuit,
780 817 826 855 ab
867 817 1025 868 optimis
1065 815 1288 867 quibusque
1328 817 1366 853 in
1402 814 1571 853 tiliorum
1605 814 1734 852 locum

204 885 409 923 fortissimi
442 885 519 922 uiri
553 896 710 935 semper
742 883 854 921 electi
890 887 991 932 sunt,
1024 887 1062 920 ut
1099 881 1161 920 uel
1190 886 1449 933 senescentes
1477 879 1645 918 familias
1671 879 1734 918 uel

205 951 307 989 t'etus
346 950 607 988 matrimoniis
645 950 722 987 iam
762 947 929 986 caducos
970 947 1205 986 substitutae
1250 946 1469 985 fecunditas
1508 945 1629 997 prolis
1674 957 1735 983 01·-

205 1021 326 1054 naret.
377 1016 450 1054 hoe
488 1016 626 1065 igitur,
666 1013 769 1065 quod
809 1014 997 1051 Cocceius
1038 1012 1166 1051 Nerua
1213 1013 1251 1050 in
1294 1011 1461 1050 Traiano
1506 1009 1736 1062 adoptando,

205 1081 308 1132 quod
341 1081 475 1132 leius
508 1080 701 1118 Traianus
739 1081 778 1117 in
812 1078 1025 1129 Hadriano,
1065 1077 1169 1129 quod
1209 1077 1430 1115 Hadrianus
1470 1078 1508 1114 in
1542 1076 1736 1114 Antonino

206 1153 243 1185 et
282 1148 402 1184 reteri
444 1146 629 1197 deinceps
669 1146 869 1196 proposita
908 1145 1158 1195 suggestione
1199 1143 1395 1193 fecerunt,
1436 1143 1473 1180 in
1515 1140 1736 1192 adrogando

205 1212 426 1262 Aureliano,
459 1224 576 1263 quem
609 1211 705 1250 mihi
738 1211 932 1249 uicarium
966 1209 1103 1248 iudicii
1130 1210 1187 1247 tui
1214 1209 1444 1247 auctoritate
1474 1208 1613 1258 fecisti,
1647 1219 1735 1245 een-

207 1280 267 1316 sui
301 1290 386 1316 esse
421 1277 683 1315 referendum.
736 1275 825 1314 iube
859 1277 990 1326 igitur,
1024 1280 1063 1313 ut
1099 1274 1182 1325 lege
1217 1280 1364 1325 agatur7
1401 1274 1529 1323 sitque
1562 1271 1736 1311 Aurelia-

206 1356 279 1381 nus
323 1343 438 1381 heres
483 1355 685 1381 sacrorum
731 1343 901 1380 nominis
947 1347 985 1379 et
1021 1340 1214 1379 bonorum
1253 1341 1451 1390 totiusque
1492 1339 1589 1377 iuris
1629 1337 1737 1388 leio

207 1410 356 1447 Crinito
396 1410 471 1447 iam
518 1408 714 1447 consulari
758 1409 844 1446 uiro
890 1408 974 1458 ipse
1014 1411 1187 1445 actutum
1232 1411 1269 1443 te
1315 1404 1444 1444 iudice
1491 1401 1735 1442 consularis?

209 1474 366 1525 longum
393 1479 451 1512 est
479 1479 619 1512 cuneta
646 1478 865 1524 pertexere.
899 1485 988 1511 nam
1016 1477 1053 1511 et
1080 1476 1187 1511 actae
1215 1475 1306 1509 sunt
1326 1470 1476 1508 Crinito
1498 1482 1516 1507 a
1536 1468 1736 1507 Valeriano

208 1541 354 1589 gratiae
388 1545 425 1578 et
458 1539 626 1590 adoptio,
659 1545 702 1577 ut
734 1537 894 1589 solebat,
927 1537 1098 1589 impleta.

555 1814 873 1860 AEINIOY
903 1813 1236 1859 KOYAAPA
1252 1810 1394 1857 ΤΟΥ

812 1910 912 1946 ΧΙΛ
918 1910 940 1945 I
939 1910 974 1946 E
981 1908 1146 1945 ΤΗΡῙΣ

334 2008 375 2052 l.
409 2021 470 2050 Ex
499 2019 637 2049 LIBRO
665 2020 698 2048 ΙΙ
726 2011 857 2059 Steph.
881 2009 980 2058 Byz.
1000 2021 1030 2047 S.
1053 2019 1144 2057 zap.
1167 2007 1222 2045 97
1245 2007 1367 2045 Mein.
1388 2001 1591 2055 Ἄνθιον,
1616 2004 1741 2050 πόλις

203 2076 402 2125 Ἰταλίας.
453 2074 741 2127 Κουάὸροιτος
775 2073 822 2113 ἑν
858 2069 1043 2126 δευτέρᾳ
1079 2068 1313 2124 Ῥωμαϊκῆς
1351 2068 1558 2123 χιλιάδος.
1609 2066 1631 2108 ὁ
1665 2082 1740 2107 πο-

213 2145 332 2196 λίτης
359 2139 608 2191 Ἀνθιιινός,
635 2138 692 2188 ὡς
726 2137 867 2186 αὐτός.

334 2205 377 2249 ⁶2.
410 2218 471 2247 EX
499 2215 637 2246 LIBRO
665 2216 692 2244 V
727 2207 859 2255 Steph.
888 2205 988 2254 Byz.
1016 2216 1078 2253 ap.
1111 2204 1312 2242 Constant.
1341 2203 1487 2251 Porph.
1516 2203 1564 2240 de
1591 2202 1739 2239 admz'n.
1762 2216 1775 2236 ·.

214 2279 303 2325 imp.
332 2287 364 2313 c.
393 2274 449 2312 23
472 2286 515 2323 p.
546 2272 629 2311 109
656 2274 715 2311 ecl.
744 2272 869 2310 Bome.
888 2283 931 2320 p.
957 2269 1044 2308 325
1088 2266 1217 2319 Παρὰ
1257 2264 1528 2321 Κουαδράτῳ
1564 2262 1612 2305 ἐν
1652 2265 1740 2304 Ρω-

214 2344 370 2393 μαϊκῆς
408 2336 603 2391 χιλιάδος
642 2333 673 2376 ε’
707 2333 826 2376 ἐστὶν
854 2332 1092 2387 Ἰβήροισιν
1130 2331 1286 2380 οὕτως·
1340 2331 1448 2370 ‘Kac
1476 2345 1543 2371 τοι
1579 2330 1745 2382 Λιῖγυσί

214 2401 259 2445 θ’
298 2403 384 2457 ἅμα
417 2401 488 2443 καὶ
516 2400 724 2455 Ἰβήροισι
757 2397 1068 2452 πολεμεόντες.’

338 2543 372 2577 l.
402 2542 455 2584 (s'f.
477 2554 502 2576 s.
526 2539 728 2576 auverad
750 2552 788 2585 1).
811 2544 858 2574 96
893 2539 965 2573 ἔστι
998 2539 1058 2573 καὶ
1091 2536 1246 2577 Ἰταλίας
1267 2536 1404 2581 Ῥώμης
1435 2534 1601 2580 πλησίον,
1634 2534 1656 2579 ἤ
1688 2547 1743 2573 τις

219 2591 278 2624 καὶ
297 2587 440 2624 ’Ἄντιον
466 2588 746 2633 μετωνομάσθη,
775 2588 822 2627 ὡς
849 2586 1041 2630 εἰρήσεται.

338 2728 373 2762 3.
408 2725 629 2762 cantherios
664 2725 764 2772 uwuwly.
889 2724 924 2760 5.
958 2735 1030 2771 ego
1058 2722 1094 2759 P
1214 2723 1248 2758 7.
1282 2721 1432 2771 gratias
1464 2714 1611 2757 01m.P¹

224 2786 285 2821 17.
320 2780 576 2832 repetendum
603 2784 823 2830 Petscleemy

1758 833 1789 857 10

1759 1161 1789 1184 15

1759 1488 1791 1511 ‘Ao
