1842 3133
170 120 342 150 cxxxx-1
504 107 564 141 DE
592 106 899 142 smnmonvn
930 107 1048 142 vrris
1076 108 1137 143 ET
1164 108 1371 144 sommus

171 219 327 258 hulonis
361 220 569 270 imperium
605 220 742 266 (XIII
763 220 850 270 30),
885 220 1145 259 Caesennium
1178 221 1339 260 Paetum
1378 220 1559 259 omnibus
1592 222 1698 260 uitiis

170 284 452 335 erroribusque
504 284 706 335 olnutum,
762 286 827 335 qui
873 287 1002 323 omnia
1041 298 1228 336 peruerse
1281 292 1318 324 et,
1362 288 1502 325 inscite
1542 288 1697 338 egisset,

169 351 296 388 tristia
331 351 459 388 omina
493 351 722 401 spreuisset,
756 350 853 388 nihil
886 350 1136 402 prtniidisset⁷
1177 352 1357 390 militaria
1392 365 1555 390 munera
1589 352 1697 391 dese-

170 417 326 465 ruisset,
361 416 577 453 constantia
613 416 803 454 caruisset
838 421 885 466 et,
920 429 1008 455 eum
1036 416 1204 455 Corbulo
1230 430 1350 468 prope
1378 417 1542 468 adesset,
1570 417 1698 457 subito

173 481 218 519 de
243 480 359 519 rebus
388 482 469 519 suis
493 480 751 532 desperasset,
785 480 831 519 ad
860 481 1055 520 Neronem
1089 488 1218 521 autem
1246 485 1357 534 quasi
1384 483 1483 522 bello
1511 484 1699 535 consecto,

170 546 273 597 quod
306 546 419 584 modo
454 548 710 598 suscepisset,
746 545 911 585 ‘litteras
944 548 1077 586 uerbis
1117 550 1354 600 magnificis,
1396 562 1528 588 rerum
1561 547 1695 588 uanas’

169 613 340 650 misisset
383 618 498 663 atque
538 614 654 650 etiam
698 618 736 651 et
778 613 879 664 apud
913 613 1164 664 Vologaesem
1205 619 1243 653 et
1285 615 1385 666 apud
1428 614 1699 665 Corbulonem,

169 677 282 716 modo
329 690 374 716 ex
421 678 592 716 bostium
638 678 815 717 saucibus
861 684 1020 730 ereptus
1072 679 1206 719 eadem
1258 680 1470 719 uerborum
1516 680 1700 731 superbia

171 743 358 793 gloriatus
393 749 497 782 esset
530 744 724 795 huiusque
758 743 862 782 laudi
902 744 1221 797 obtrectauisset,
1261 751 1504 797 postremum
1537 745 1699 784 Romam

171 821 356 847 reuersus
390 809 436 847 ab
471 810 706 860 imperatore
742 815 988 861 contemptus
1029 816 1066 849 et
1107 812 1255 850 facetiis
1290 812 1427 850 illusus
1461 816 1566 850 esset
1600 812 1707 859 (XV

171 876 342 921 6—17,·
374 876 461 923 25).
526 881 563 914 at
596 875 764 915 Corbulo
799 881 836 914 et.
870 876 994 914 solitis
1035 878 1073 915 in
1108 878 1192 916 eius
1227 877 1587 916 dissimilitudinem
1620 878 1699 916 uir-

172 941 320 979 tutibus
349 941 580 992 cumulatur,
615 943 680 993 qui
715 939 891 992 ‘dignum
925 942 1194 993 magnitudine
1221 943 1354 994 populi
1380 940 1560 981 Romani’
1594 948 1700 981 ratus

171 1008 216 1045 sit
266 1006 472 1045 Lucullum
518 1007 824 1059 Pompeiumque
871 1021 1038 1060 aequare
1085 1010 1223 1056 (XIII
1242 1010 1309 1048 34.
1350 1010 1532 1057 XV27)
1579 1014 1616 1048 et
1660 1010 1700 1048 in

171 1078 347 1123 tempore
381 1073 559 1111 fortunae
600 1073 825 1113 moderatus
860 1076 1044 1125 (Xl'fi),
1085 1074 1235 1113 seilicet
1273 1080 1316 1113 ut
1358 1080 1543 1113 euentum
1584 1076 1701 1113 totius

173 1138 347 1176 diuturni
374 1137 467 1176 belli
496 1151 571 1176 non
607 1144 802 1178 extortum
837 1140 905 1179 sed
939 1142 1138 1191 sapienter
1164 1140 1316 1179 Parthis
1350 1153 1581 1179 eoncessum
1615 1153 1701 1179 esse

172 1203 471 1242 demonstraret.
536 1206 630 1255 quin
673 1206 787 1244 etiam
828 1207 869 1244 in
913 1207 1091 1244 minutiis
1130 1205 1274 1245 iudicia
1314 1205 1545 1245 Corbulonis
1585 1219 1700 1257 agno-

171 1281 282 1307 scere
310 1269 411 1320 apud
432 1269 609 1308 Tacitum
640 1270 753 1309 nobis
780 1271 974 1322 uidemur,
1001 1271 1110 1310 uelut
1137 1271 1239 1323 quod
1272 1271 1357 1310 XIII
1385 1269 1440 1311 35
1473 1276 1516 1310 ut
1542 1273 1581 1310 in
1611 1273 1653 1310 t'r.
1675 1270 1700 1310 2

173 1336 236 1382 (=
263 1336 350 1373 ΧΓ
372 1336 446 1383 [6)
482 1333 592 1373 <53115
626 1335 866 1376 constitisse’
885 1333 917 1391 1)
952 1337 1155 1376 mollitiam
1187 1342 1466 1376 ueteranorum
1502 1337 1595 1376 dicit
1622 1335 1700 1376 ead-

171 1398 442 1451 notatumque’
477 1402 664 1440 saeuitiae
710 1402 851 1441 biemis
892 1402 1187 1454 documentum,
1233 1407 1444 1454 utrumque
1496 1408 1539 1441 ut.
1592 1403 1701 1442 dueis

171 1467 299 1505 uirtus
334 1471 372 1504 et
404 1467 591 1517 patientia
625 1473 845 1517 augeretur.

291 1531 535 1583 Quamquam
575 1546 652 1571 non
694 1539 816 1572 totum
857 1547 897 1573 se
938 1535 1021 1573 eius
1060 1533 1165 1573 laudi
1204 1534 1361 1573 addixit.
1432 1547 1558 1586 neque
1598 1537 1701 1574 enim

173 1610 261 1636 eum
297 1598 518 1648 exscripsit,
554 1598 621 1636 sed
655 1598 782 1650 qualia
817 1599 892 1638 sibi
926 1601 1010 1638 eius
1044 1600 1215 1638 facinora
1248 1601 1332 1638 uisa
1367 1606 1498 1639 essent
1531 1600 1702 1652 quidque

172 1664 256 1713 ipse
291 1675 334 1701 ex
364 1665 657 1703 commentariis
685 1665 908 1715 collegisset
932 1665 996 1704 uel
1025 1665 1070 1704 de
1098 1666 1153 1703 eis
1181 1665 1447 1717 iudicauisset,
1482 1666 1702 1717 explic-anit..

171 1730 303 1780 itaque
338 1742 425 1767 cum
461 1727 732 1781 ‘compositius
766 1744 880 1782 quam
916 1728 1186 1770 festinantius'
1219 1744 1300 1770 rem
1340 1744 1548 1783 aggressus
1588 1737 1702 1782 esset,

173 1794 433 1833 Corbulonem
469 1793 630 1834 ‘bellum
664 1796 807 1835 babere
835 1809 948 1848 quam
977 1809 1113 1847 gerere
1140 1794 1340 1836 maluisse⁷
1374 1797 1492 1836 adicit
1520 1798 1700 1848 (XVJJ'),

172 1859 306 1899 uerbis
340 1862 558 1911 magnificis
592 1861 750 1911 gloriari
784 1862 942 1901 solitum
976 1875 1062 1901 esse
1097 1864 1234 1909 (XIII
1254 1864 1291 1901 8.
1326 1864 1409 1901 ΧΓ
1434 1864 1520 1911 26),
1554 1863 1698 1902 aemuli

174 1939 250 1965 non
283 1927 496 1977 patientem
530 1928 651 1966 fuisse
686 1929 791 1970 [ΧΓ
815 1929 849 1966 7.
884 1929 1001 1967 XIII
1023 1931 1067 1976 9)
1104 1941 1174 1967 neci
1206 1928 1322 1967 Paeto
1356 1930 1507 1979 roganti
1535 1941 1701 1980 propere

174 1990 420 2041 sulmenisse,
456 1990 548 2043 ‘quo
582 1991 840 2042 gliscentibus
874 1993 1059 2045 periculis
1095 1995 1209 2032 etiam
1239 1993 1405 2032 subsidii
1432 1994 1515 2033 laus
1543 2007 1701 2045 augere-

174 2054 252 2095 tur’
282 2058 388 2103 (XV
409 2058 466 2108 9),
495 2062 576 2096 tum
610 2071 705 2096 uero
740 2059 929 2110 quaedam
959 2057 1173 2109 ‘augendae
1202 2061 1286 2098 eius
1313 2058 1511 2098 infamiae’
1547 2072 1701 2111 compo-

175 2123 300 2160 suisse
335 2123 441 2169 (XV
463 2123 527 2162 16.
558 2124 614 2173 fr.
645 2125 700 2171 2).
766 2137 858 2163 num
898 2129 1027 2163 tamen
1068 2125 1153 2163 aliis
1193 2125 1417 2163 auctoribus
1458 2138 1552 2163 usus
1587 2138 1701 2164 suum

175 2187 363 2226 iudicium
398 2190 619 2227 exercuerit
651 2190 690 2227 in
725 2189 891 2228 obscuro
920 2195 988 2228 est.
1036 2190 1098 2228 XV
1126 2188 1151 2229 ὅ
1185 2203 1270 2229 esse
1304 2203 1399 2229 usus
1434 2190 1601 2241 uidetur,
1635 2190 1701 2230 ubi

176 2260 380 2304 postquam
415 2252 592 2305 ‘plures’‚
626 2255 727 2306 quod
763 2255 991 2305 Vologaeses
1027 2268 1067 2294 se
1101 2257 1316 2307 recepisset
1355 2261 1392 2295 et
1424 2255 1700 2306 Tigranocerta

176 2319 332 2357 obsessa
368 2321 582 2370 omisisset,
623 2321 715 2359 baec
752 2319 804 2359 ‘ut
848 2321 1055 2360 formidine
1095 2323 1198 2372 regis
1237 2326 1275 2360 et.
1314 2320 1545 2360 Corbulonis
1584 2323 1702 2361 minis

175 2390 325 2435 patrata
360 2398 401 2423 ac
436 2386 642 2435 magnilica
677 2385 897 2425 sustulisse'
933 2388 1119 2437 narrauit,
1160 2385 1271 2425 ‘alios
1304 2386 1455 2425 occulto
1488 2386 1700 2438 pepigisse'

177 2463 264 2488 eum
302 2449 595 2501 ‘interpretatos
629 2464 715 2490 esse
730 2448 748 2502 ⁷,
788 2457 826 2490 ut
863 2452 1051 2503 Tigranes
1084 2464 1238 2503 quoque
1273 2452 1318 2490 de
1351 2452 1533 2490 Armenia
1567 2452 1701 2491 absce-

179 2515 298 2565 deret,
333 2517 407 2553 nisi
443 2517 541 2555 l'orte
576 2518 691 2555 etiam
727 2518 825 2555 banc
858 2519 1221 2568 interpretationem
1255 2529 1435 2556 sermone
1469 2519 1631 2568 excepit.

296 2580 368 2618 Sed
399 2581 441 2618 ll.
470 2581 636 2619 Scbiller
663 2584 789 2629 (Nero
808 2597 850 2632 st.
877 2583 928 2621 14
941 2585 1030 2631 δᾳ),
1059 2582 1172 2621 Fabia
1200 2584 1254 2632 (st.
1275 2583 1361 2620 334
1375 2584 1490 2632 sqq),
1506 2582 1545 2620 L.
1570 2583 1700 2621 Brunn

178 2648 220 2686 (l.
238 2661 276 2694 μ.
302 2660 431 2684 rzxzrrr
456 2659 541 2696 sap.
563 2649 620 2685 34
640 2651 741 2696 sqq.)
767 2648 999 2686 Corbulonis
1027 2649 1328 2686 commentarios
1361 2660 1431 2699 per
1464 2647 1580 2686 alium
1614 2661 1701 2687 aue-

299 2789 330 2827 1]
358 2783 507 2818 'Pacilus-
536 2786 734 2819 admodum
764 2797 844 2819 raro
872 2786 939 2820 hoe
967 2787 1131 2830 perfectio
1159 2786 1286 2820 utitur,
