<?xml version="1.0" encoding="UTF-8"?>
<!DOCTYPE html PUBLIC "-//W3C//DTD XHTML 1.0 Transitional//EN"
    "http://www.w3.org/TR/xhtml1/DTD/xhtml1-transitional.dtd">
<html xmlns="http://www.w3.org/1999/xhtml" xml:lang="en" lang="en">
 <head>
  <title>
</title>
<meta http-equiv="Content-Type" content="text/html;charset=utf-8" />
  <meta name='ocr-system' content='tesseract 3.04.00' />
  <meta name='ocr-capabilities' content='ocr_page ocr_carea ocr_par ocr_line ocrx_word'/>
</head>
<body>
  <div class='ocr_page' id='page_1' title='image "./veterumhistorico02peteuoft_0216.png"; bbox 0 0 1842 3133; ppageno 0'>
   <div class='ocr_carea' id='block_1_1' title="bbox 221 124 1423 161">
    <p class='ocr_par' dir='ltr' id='par_1_1' title="bbox 221 124 1423 161">
     <span class='ocr_line' id='line_1_1' title="bbox 221 124 1423 161; baseline 0.005 -6"><span class='ocrx_word' id='word_1_1' title='bbox 221 126 344 156; x_wconf 81' lang='lat' dir='ltr'>CCIIII</span> <span class='ocrx_word' id='word_1_2' title='bbox 550 124 612 158; x_wconf 88' lang='lat' dir='ltr'><em>DE</em></span> <span class='ocrx_word' id='word_1_3' title='bbox 639 124 946 159; x_wconf 79' lang='lat' dir='ltr'>SCRIPTORVM</span> <span class='ocrx_word' id='word_1_4' title='bbox 975 124 1100 159; x_wconf 80' lang='lat' dir='ltr'><strong>VITIS</strong></span> <span class='ocrx_word' id='word_1_5' title='bbox 1128 125 1188 159; x_wconf 78' lang='lat' dir='ltr'><em>ET</em></span> <span class='ocrx_word' id='word_1_6' title='bbox 1216 125 1423 161; x_wconf 82' lang='lat' dir='ltr'><em>SCRIPTIS</em></span> 
     </span>
    </p>
   </div>
   <div class='ocr_carea' id='block_1_2' title="bbox 215 236 1752 799">
    <p class='ocr_par' dir='ltr' id='par_1_2' title="bbox 215 236 1752 799">
     <span class='ocr_line' id='line_1_2' title="bbox 220 236 1750 289; baseline 0.003 -15"><span class='ocrx_word' id='word_1_7' title='bbox 220 242 323 286; x_wconf 78' lang='lat' dir='ltr'><em>tuae,</em></span> <span class='ocrx_word' id='word_1_8' title='bbox 362 236 622 275; x_wconf 71' lang='lat' dir='ltr'><em>Constantine</em></span> <span class='ocrx_word' id='word_1_9' title='bbox 660 239 845 284; x_wconf 58' lang='lat' dir='ltr'><em>manime,</em></span> <span class='ocrx_word' id='word_1_10' title='bbox 884 239 1064 286; x_wconf 70' lang='lat' dir='ltr'><em>sinoulos</em></span> <span class='ocrx_word' id='word_1_11' title='bbox 1096 249 1272 287; x_wconf 76' lang='lat' dir='ltr'><em>quosque</em></span> <span class='ocrx_word' id='word_1_12' title='bbox 1300 241 1512 288; x_wconf 71' lang='lat' dir='ltr'><em>principes</em></span> <span class='ocrx_word' id='word_1_13' title='bbox 1543 241 1611 278; x_wconf 81' lang='lat' dir='ltr'><em>uel</em></span> <span class='ocrx_word' id='word_1_14' title='bbox 1632 242 1750 289; x_wconf 83' lang='lat' dir='ltr'><em>prin-</em></span> 
     </span>
     <span class='ocr_line' id='line_1_3' title="bbox 219 303 1750 352; baseline 0.003 -13"><span class='ocrx_word' id='word_1_15' title='bbox 219 304 350 351; x_wconf 80' lang='lat' dir='ltr'><em>cipum</em></span> <span class='ocrx_word' id='word_1_16' title='bbox 383 303 529 340; x_wconf 79' lang='lat' dir='ltr'><em>liberos</em></span> <span class='ocrx_word' id='word_1_17' title='bbox 558 314 640 351; x_wconf 87' lang='lat' dir='ltr'><em>per</em></span> <span class='ocrx_word' id='word_1_18' title='bbox 671 304 796 341; x_wconf 82' lang='lat' dir='ltr'><em>libros</em></span> <span class='ocrx_word' id='word_1_19' title='bbox 831 305 1012 352; x_wconf 72' lang='lat' dir='ltr'><em>sinqulos</em></span> <span class='ocrx_word' id='word_1_20' title='bbox 1043 305 1190 352; x_wconf 71' lang='lat' dir='ltr'><em>leyere,</em></span> <span class='ocrx_word' id='word_1_21' title='bbox 1224 305 1394 343; x_wconf 78' lang='lat' dir='ltr'><em>adhibui</em></span> <span class='ocrx_word' id='word_1_22' title='bbox 1425 305 1750 352; x_wconf 79' lang='lat' dir='ltr'><em>moderationem,</em></span> 
     </span>
     <span class='ocr_line' id='line_1_4' title="bbox 219 368 1749 419; baseline 0.003 -15"><span class='ocrx_word' id='word_1_23' title='bbox 219 379 298 414; x_wconf 77' lang='lat' dir='ltr'><em>qua</em></span> <span class='ocrx_word' id='word_1_24' title='bbox 337 369 376 405; x_wconf 80' lang='lat' dir='ltr'><em>in</em></span> <span class='ocrx_word' id='word_1_25' title='bbox 412 379 534 405; x_wconf 82' lang='lat' dir='ltr'><em>unum</em></span> <span class='ocrx_word' id='word_1_26' title='bbox 569 369 750 406; x_wconf 83' lang='lat' dir='ltr'><em>uolumen</em></span> <span class='ocrx_word' id='word_1_27' title='bbox 786 369 886 407; x_wconf 86' lang='lat' dir='ltr'><em>duos</em></span> <span class='ocrx_word' id='word_1_28' title='bbox 921 368 1181 417; x_wconf 73' lang='lat' dir='ltr'><em>Maximinos,</em></span> <span class='ocrx_word' id='word_1_29' title='bbox 1212 374 1376 419; x_wconf 91' lang='lat' dir='ltr'><em>patrem</em></span> <span class='ocrx_word' id='word_1_30' title='bbox 1405 372 1624 419; x_wconf 79' lang='lat' dir='ltr'><em>filiumque,</em></span> <span class='ocrx_word' id='word_1_31' title='bbox 1657 381 1749 409; x_wconf 88' lang='lat' dir='ltr'><em>con-</em></span> 
     </span>
     <span class='ocr_line' id='line_1_5' title="bbox 215 434 1751 484; baseline 0.003 -14"><span class='ocrx_word' id='word_1_32' title='bbox 215 444 412 480; x_wconf 69' lang='lat' dir='ltr'><em>yererem.</em></span> <span class='ocrx_word' id='word_1_33' title='bbox 462 436 632 472; x_wconf 83' lang='lat' dir='ltr'><em>seruaui</em></span> <span class='ocrx_word' id='word_1_34' title='bbox 665 434 854 483; x_wconf 74' lang='lat' dir='ltr'><em>deinceps</em></span> <span class='ocrx_word' id='word_1_35' title='bbox 883 435 993 473; x_wconf 81' lang='lat' dir='ltr'><em>hunc</em></span> <span class='ocrx_word' id='word_1_36' title='bbox 1019 435 1213 484; x_wconf 80' lang='lat' dir='ltr'><em>ordinem,</em></span> <span class='ocrx_word' id='word_1_37' title='bbox 1240 447 1354 483; x_wconf 80' lang='lat' dir='ltr'><em>quem</em></span> <span class='ocrx_word' id='word_1_38' title='bbox 1372 438 1510 484; x_wconf 81' lang='lat' dir='ltr'><em>pietas</em></span> <span class='ocrx_word' id='word_1_39' title='bbox 1535 440 1605 474; x_wconf 84' lang='lat' dir='ltr'><em>tua</em></span> <span class='ocrx_word' id='word_1_40' title='bbox 1631 438 1751 475; x_wconf 83' lang='lat' dir='ltr'><em>etiam</em></span> 
     </span>
     <span class='ocr_line' id='line_1_6' title="bbox 219 497 1751 552; baseline 0.003 -17"><span class='ocrx_word' id='word_1_41' title='bbox 219 499 268 536; x_wconf 80' lang='lat' dir='ltr'><em>ab</em></span> <span class='ocrx_word' id='word_1_42' title='bbox 301 497 414 536; x_wconf 80' lang='lat' dir='ltr'><em>Tatio</em></span> <span class='ocrx_word' id='word_1_43' title='bbox 447 498 609 547; x_wconf 77' lang='lat' dir='ltr'><em>CyrttZo,</em></span> <span class='ocrx_word' id='word_1_44' title='bbox 643 501 868 538; x_wconf 83' lang='lat' dir='ltr'><em>clarissimo</em></span> <span class='ocrx_word' id='word_1_45' title='bbox 901 502 1004 548; x_wconf 80' lang='lat' dir='ltr'><em>uiro,</em></span> <span class='ocrx_word' id='word_1_46' title='bbox 1038 502 1108 548; x_wconf 80' lang='lat' dir='ltr'><em>qui</em></span> <span class='ocrx_word' id='word_1_47' title='bbox 1139 501 1299 539; x_wconf 87' lang='lat' dir='ltr'><em>Graeca</em></span> <span class='ocrx_word' id='word_1_48' title='bbox 1332 503 1372 539; x_wconf 85' lang='lat' dir='ltr'><em>in</em></span> <span class='ocrx_word' id='word_1_49' title='bbox 1400 501 1590 540; x_wconf 85' lang='lat' dir='ltr'><em>Latinum</em></span> <span class='ocrx_word' id='word_1_50' title='bbox 1616 504 1751 552; x_wconf 83' lang='lat' dir='ltr'><em>uertit,</em></span> 
     </span>
     <span class='ocr_line' id='line_1_7' title="bbox 216 565 1751 613; baseline 0.003 -12"><span class='ocrx_word' id='word_1_51' title='bbox 216 566 383 602; x_wconf 80' lang='lat' dir='ltr'><em>seruari</em></span> <span class='ocrx_word' id='word_1_52' title='bbox 409 565 546 602; x_wconf 83' lang='lat' dir='ltr'><em>uoluit.</em></span> <span class='ocrx_word' id='word_1_53' title='bbox 592 566 702 612; x_wconf 78' lang='lat' dir='ltr'><em>quod</em></span> <span class='ocrx_word' id='word_1_54' title='bbox 726 566 885 613; x_wconf 79' lang='lat' dir='ltr'><em>quidem</em></span> <span class='ocrx_word' id='word_1_55' title='bbox 912 576 990 604; x_wconf 89' lang='lat' dir='ltr'><em>non</em></span> <span class='ocrx_word' id='word_1_56' title='bbox 1026 568 1065 604; x_wconf 85' lang='lat' dir='ltr'><em>in</em></span> <span class='ocrx_word' id='word_1_57' title='bbox 1102 577 1180 604; x_wconf 88' lang='lat' dir='ltr'><em>nno</em></span> <span class='ocrx_word' id='word_1_58' title='bbox 1213 570 1368 605; x_wconf 83' lang='lat' dir='ltr'><em>tantum</em></span> <span class='ocrx_word' id='word_1_59' title='bbox 1400 567 1503 605; x_wconf 82' lang='lat' dir='ltr'><em>libro</em></span> <span class='ocrx_word' id='word_1_60' title='bbox 1534 567 1607 605; x_wconf 85' lang='lat' dir='ltr'><em>sed</em></span> <span class='ocrx_word' id='word_1_61' title='bbox 1630 569 1751 606; x_wconf 86' lang='lat' dir='ltr'><em>etiam</em></span> 
     </span>
     <span class='ocr_line' id='line_1_8' title="bbox 218 631 1750 681; baseline 0.003 -15"><span class='ocrx_word' id='word_1_62' title='bbox 218 631 257 666; x_wconf 86' lang='lat' dir='ltr'><em>in</em></span> <span class='ocrx_word' id='word_1_63' title='bbox 283 631 477 678; x_wconf 79' lang='lat' dir='ltr'><em>plurimis</em></span> <span class='ocrx_word' id='word_1_64' title='bbox 509 631 699 680; x_wconf 73' lang='lat' dir='ltr'><em>deinceps</em></span> <span class='ocrx_word' id='word_1_65' title='bbox 737 632 976 679; x_wconf 80' lang='lat' dir='ltr'><em>reseruabo,</em></span> <span class='ocrx_word' id='word_1_66' title='bbox 1016 634 1198 681; x_wconf 70' lang='lat' dir='ltr'><em>exceptis</em></span> <span class='ocrx_word' id='word_1_67' title='bbox 1235 634 1394 680; x_wconf 70' lang='lat' dir='ltr'><em>maqnis</em></span> <span class='ocrx_word' id='word_1_68' title='bbox 1426 633 1750 681; x_wconf 80' lang='lat' dir='ltr'><em>imperatoribus,</em></span> 
     </span>
     <span class='ocr_line' id='line_1_9' title="bbox 218 698 1752 746; baseline 0.003 -14"><span class='ocrx_word' id='word_1_69' title='bbox 218 705 387 742; x_wconf 81' lang='lat' dir='ltr'><em>quorum</em></span> <span class='ocrx_word' id='word_1_70' title='bbox 425 706 490 733; x_wconf 85' lang='lat' dir='ltr'><em>res</em></span> <span class='ocrx_word' id='word_1_71' title='bbox 526 701 666 744; x_wconf 72' lang='lat' dir='ltr'><em>qestae</em></span> <span class='ocrx_word' id='word_1_72' title='bbox 696 698 841 745; x_wconf 86' lang='lat' dir='ltr'><em>plures</em></span> <span class='ocrx_word' id='word_1_73' title='bbox 874 702 994 745; x_wconf 81' lang='lat' dir='ltr'><em>atque</em></span> <span class='ocrx_word' id='word_1_74' title='bbox 1027 699 1225 736; x_wconf 85' lang='lat' dir='ltr'><em>clariores</em></span> <span class='ocrx_word' id='word_1_75' title='bbox 1257 699 1477 746; x_wconf 73' lang='lat' dir='ltr'><em>lonyiorem</em></span> <span class='ocrx_word' id='word_1_76' title='bbox 1517 699 1752 736; x_wconf 77' lang='lat' dir='ltr'><em>desiderant</em></span> 
     </span>
     <span class='ocr_line' id='line_1_10' title="bbox 218 764 381 799; baseline 0.006 -2"><span class='ocrx_word' id='word_1_77' title='bbox 218 764 381 799; x_wconf 67' lang='lat' dir='ltr'><em>textum.</em></span> 
     </span>
    </p>
   </div>
   <div class='ocr_carea' id='block_1_3' title="bbox 783 1012 1184 1060">
    <p class='ocr_par' dir='ltr' id='par_1_3' title="bbox 783 1012 1184 1060">
     <span class='ocr_line' id='line_1_11' title="bbox 783 1012 1184 1060; baseline 0.002 -1"><span class='ocrx_word' id='word_1_78' title='bbox 783 1012 1184 1060; x_wconf 85' lang='lat' dir='ltr'><strong>NAVCELLIVS</strong></span> 
     </span>
    </p>
   </div>
   <div class='ocr_carea' id='block_1_4' title="bbox 208 1130 1750 2563">
    <p class='ocr_par' dir='ltr' id='par_1_4' title="bbox 208 1130 1750 2563">
     <span class='ocr_line' id='line_1_12' title="bbox 337 1130 1748 1184; baseline 0.003 -16"><span class='ocrx_word' id='word_1_79' title='bbox 337 1130 391 1168; x_wconf 78' lang='lat' dir='ltr'><em>Ad</em></span> <span class='ocrx_word' id='word_1_80' title='bbox 420 1130 665 1170; x_wconf 87' lang='lat' dir='ltr'><em>Naucellium</em></span> <span class='ocrx_word' id='word_1_81' title='bbox 692 1132 734 1177; x_wconf 83' lang='lat' dir='ltr'><em>Q.</em></span> <span class='ocrx_word' id='word_1_82' title='bbox 758 1132 940 1171; x_wconf 82' lang='lat' dir='ltr'><em>Aurelius</em></span> <span class='ocrx_word' id='word_1_83' title='bbox 968 1132 1224 1183; x_wconf 76' lang='lat' dir='ltr'><em>Symmachus</em></span> <span class='ocrx_word' id='word_1_84' title='bbox 1251 1137 1376 1172; x_wconf 87' lang='lat' dir='ltr'><em>aetate</em></span> <span class='ocrx_word' id='word_1_85' title='bbox 1411 1134 1485 1172; x_wconf 89' lang='lat' dir='ltr'><em>iam</em></span> <span class='ocrx_word' id='word_1_86' title='bbox 1518 1138 1748 1184; x_wconf 86' lang='lat' dir='ltr'><em>prouectum</em></span> 
     </span>
     <span class='ocr_line' id='line_1_13' title="bbox 217 1193 1748 1249; baseline 0.003 -16"><span class='ocrx_word' id='word_1_87' title='bbox 217 1210 247 1234; x_wconf 71' lang='lat' dir='ltr'><em>c.</em></span> <span class='ocrx_word' id='word_1_88' title='bbox 271 1208 301 1234; x_wconf 87' lang='lat' dir='ltr'><em>a.</em></span> <span class='ocrx_word' id='word_1_89' title='bbox 323 1193 410 1235; x_wconf 85' lang='lat'><em>400</em></span> <span class='ocrx_word' id='word_1_90' title='bbox 438 1202 590 1248; x_wconf 79' lang='lat' dir='ltr'><em>septem</em></span> <span class='ocrx_word' id='word_1_91' title='bbox 617 1197 807 1249; x_wconf 82' lang='lat' dir='ltr'><em>epistulas</em></span> <span class='ocrx_word' id='word_1_92' title='bbox 829 1199 925 1245; x_wconf 89' lang='lat' dir='ltr'><em>(III</em></span> <span class='ocrx_word' id='word_1_93' title='bbox 946 1198 1131 1237; x_wconf 80' lang='lat'><em>10—16.</em></span> <span class='ocrx_word' id='word_1_94' title='bbox 1161 1199 1211 1248; x_wconf 78' lang='lat' dir='ltr'><em>cf.</em></span> <span class='ocrx_word' id='word_1_95' title='bbox 1229 1199 1355 1238; x_wconf 73' lang='lat' dir='ltr'><em>Seeck</em></span> <span class='ocrx_word' id='word_1_96' title='bbox 1376 1200 1435 1238; x_wconf 87' lang='lat' dir='ltr'><em>ed.</em></span> <span class='ocrx_word' id='word_1_97' title='bbox 1453 1199 1596 1248; x_wconf 78' lang='lat' dir='ltr'><em>Symm.</em></span> <span class='ocrx_word' id='word_1_98' title='bbox 1610 1199 1748 1248; x_wconf 84' lang='lat' dir='ltr'><em>praes.</em></span> 
     </span>
     <span class='ocr_line' id='line_1_14' title="bbox 208 1261 1750 1311; baseline 0.001 -11"><span class='ocrx_word' id='word_1_99' title='bbox 208 1274 250 1311; x_wconf 90' lang='lat' dir='ltr'><em>p.</em></span> <span class='ocrx_word' id='word_1_100' title='bbox 282 1263 420 1310; x_wconf 64' lang='lat' dir='ltr'><em>cxxv)</em></span> <span class='ocrx_word' id='word_1_101' title='bbox 461 1261 507 1301; x_wconf 88' lang='lat' dir='ltr'><em>de</em></span> <span class='ocrx_word' id='word_1_102' title='bbox 553 1262 774 1303; x_wconf 88' lang='lat' dir='ltr'><em>litterarum</em></span> <span class='ocrx_word' id='word_1_103' title='bbox 820 1265 1056 1302; x_wconf 80' lang='lat' dir='ltr'><em>commercio</em></span> <span class='ocrx_word' id='word_1_104' title='bbox 1103 1263 1219 1303; x_wconf 83' lang='lat' dir='ltr'>dedit.</span> <span class='ocrx_word' id='word_1_105' title='bbox 1271 1269 1355 1302; x_wconf 86' lang='lat' dir='ltr'><em>erat</em></span> <span class='ocrx_word' id='word_1_106' title='bbox 1399 1269 1526 1303; x_wconf 85' lang='lat' dir='ltr'><em>autem</em></span> <span class='ocrx_word' id='word_1_107' title='bbox 1573 1263 1750 1303; x_wconf 84' lang='lat' dir='ltr'><em>laudator</em></span> 
     </span>
     <span class='ocr_line' id='line_1_15' title="bbox 215 1327 1749 1381; baseline 0.001 -16"><span class='ocrx_word' id='word_1_108' title='bbox 215 1329 425 1366; x_wconf 87' lang='lat' dir='ltr'><em>uetustatis</em></span> <span class='ocrx_word' id='word_1_109' title='bbox 483 1328 760 1380; x_wconf 85' lang='lat' dir='ltr'><em>scribebatque</em></span> <span class='ocrx_word' id='word_1_110' title='bbox 821 1329 1009 1380; x_wconf 81' lang='lat' dir='ltr'><em>epistulas</em></span> <span class='ocrx_word' id='word_1_111' title='bbox 1067 1327 1261 1368; x_wconf 78' lang='lat' dir='ltr'><em>‘Tulliano</em></span> <span class='ocrx_word' id='word_1_112' title='bbox 1319 1335 1581 1381; x_wconf 81' lang='lat' dir='ltr'><em>segmentatas</em></span> <span class='ocrx_word' id='word_1_113' title='bbox 1638 1327 1749 1369; x_wconf 86' lang='lat' dir='ltr'><em>auro’</em></span> 
     </span>
     <span class='ocr_line' id='line_1_16' title="bbox 216 1393 1748 1447; baseline 0.002 -16"><span class='ocrx_word' id='word_1_114' title='bbox 216 1393 311 1439; x_wconf 87' lang='lat' dir='ltr'><em>(III</em></span> <span class='ocrx_word' id='word_1_115' title='bbox 338 1393 405 1444; x_wconf 78' lang='lat'><em>12,</em></span> <span class='ocrx_word' id='word_1_116' title='bbox 432 1394 478 1442; x_wconf 82' lang='lat'><em>2)</em></span> <span class='ocrx_word' id='word_1_117' title='bbox 513 1399 549 1433; x_wconf 86' lang='lat' dir='ltr'><em>et</em></span> <span class='ocrx_word' id='word_1_118' title='bbox 590 1396 763 1433; x_wconf 86' lang='lat' dir='ltr'><em>carmina</em></span> <span class='ocrx_word' id='word_1_119' title='bbox 802 1394 995 1434; x_wconf 88' lang='lat' dir='ltr'><em>laboriosa</em></span> <span class='ocrx_word' id='word_1_120' title='bbox 1036 1394 1269 1434; x_wconf 83' lang='lat' dir='ltr'><em>conficiebat</em></span> <span class='ocrx_word' id='word_1_121' title='bbox 1301 1393 1390 1447; x_wconf 81' lang='lat'><strong><em>(11,</em></strong></span> <span class='ocrx_word' id='word_1_122' title='bbox 1417 1396 1454 1434; x_wconf 79' lang='lat'><em>4.</em></span> <span class='ocrx_word' id='word_1_123' title='bbox 1493 1396 1559 1444; x_wconf 83' lang='lat'><em>13,</em></span> <span class='ocrx_word' id='word_1_124' title='bbox 1588 1396 1644 1446; x_wconf 81' lang='lat'><em>2),</em></span> <span class='ocrx_word' id='word_1_125' title='bbox 1683 1395 1748 1434; x_wconf 90' lang='lat' dir='ltr'><em>ab·</em></span> 
     </span>
     <span class='ocr_line' id='line_1_17' title="bbox 214 1458 1748 1513; baseline 0.003 -17"><span class='ocrx_word' id='word_1_126' title='bbox 214 1458 399 1498; x_wconf 81' lang='lat' dir='ltr'><em>horrebat</em></span> <span class='ocrx_word' id='word_1_127' title='bbox 456 1461 577 1511; x_wconf 86' lang='lat' dir='ltr'><em>igitur</em></span> <span class='ocrx_word' id='word_1_128' title='bbox 633 1472 653 1499; x_wconf 89' lang='lat' dir='ltr'><em>a</em></span> <span class='ocrx_word' id='word_1_129' title='bbox 705 1460 982 1500; x_wconf 81' lang='lat' dir='ltr'><em>delenimentis</em></span> <span class='ocrx_word' id='word_1_130' title='bbox 1041 1462 1234 1500; x_wconf 82' lang='lat' dir='ltr'><em>sermonis</em></span> <span class='ocrx_word' id='word_1_131' title='bbox 1292 1473 1385 1500; x_wconf 89' lang='lat' dir='ltr'><em>suae</em></span> <span class='ocrx_word' id='word_1_132' title='bbox 1441 1462 1579 1500; x_wconf 85' lang='lat' dir='ltr'><em>aetatis</em></span> <span class='ocrx_word' id='word_1_133' title='bbox 1632 1466 1748 1513; x_wconf 87' lang='lat' dir='ltr'><em>atque</em></span> 
     </span>
     <span class='ocr_line' id='line_1_18' title="bbox 215 1523 1748 1578; baseline 0.002 -15"><span class='ocrx_word' id='word_1_134' title='bbox 215 1524 491 1575; x_wconf 74' lang='lat' dir='ltr'><em>Symmachum</em></span> <span class='ocrx_word' id='word_1_135' title='bbox 534 1527 661 1577; x_wconf 86' lang='lat' dir='ltr'><em>ipsius</em></span> <span class='ocrx_word' id='word_1_136' title='bbox 700 1526 836 1565; x_wconf 83' lang='lat' dir='ltr'><em>uerbis</em></span> <span class='ocrx_word' id='word_1_137' title='bbox 875 1523 1153 1578; x_wconf 68' lang='lat' dir='ltr'><em>‘spectatorem</em></span> <span class='ocrx_word' id='word_1_138' title='bbox 1192 1528 1342 1566; x_wconf 83' lang='lat' dir='ltr'><em>ueteris</em></span> <span class='ocrx_word' id='word_1_139' title='bbox 1387 1531 1566 1565; x_wconf 86' lang='lat' dir='ltr'><em>monetae</em></span> <span class='ocrx_word' id='word_1_140' title='bbox 1606 1524 1748 1566; x_wconf 86' lang='lat' dir='ltr'><em>solum’</em></span> 
     </span>
     <span class='ocr_line' id='line_1_19' title="bbox 213 1590 1746 1644; baseline 0.003 -16"><span class='ocrx_word' id='word_1_141' title='bbox 213 1590 464 1642; x_wconf 88' lang='lat' dir='ltr'><em>praedicabat</em></span> <span class='ocrx_word' id='word_1_142' title='bbox 491 1592 579 1643; x_wconf 79' lang='lat'><em>(11,</em></span> <span class='ocrx_word' id='word_1_143' title='bbox 606 1592 664 1640; x_wconf 83' lang='lat'><em>2).</em></span> <span class='ocrx_word' id='word_1_144' title='bbox 710 1591 778 1631; x_wconf 83' lang='lat' dir='ltr'><em>sed</em></span> <span class='ocrx_word' id='word_1_145' title='bbox 811 1592 858 1631; x_wconf 85' lang='lat' dir='ltr'><em>ad</em></span> <span class='ocrx_word' id='word_1_146' title='bbox 890 1605 962 1631; x_wconf 82' lang='lat' dir='ltr'><em>nos</em></span> <span class='ocrx_word' id='word_1_147' title='bbox 993 1593 1167 1644; x_wconf 83' lang='lat' dir='ltr'><em>pertinet</em></span> <span class='ocrx_word' id='word_1_148' title='bbox 1197 1593 1271 1631; x_wconf 88' lang='lat' dir='ltr'><em>hoc</em></span> <span class='ocrx_word' id='word_1_149' title='bbox 1304 1592 1350 1631; x_wconf 87' lang='lat' dir='ltr'><em>de</em></span> <span class='ocrx_word' id='word_1_150' title='bbox 1383 1594 1468 1632; x_wconf 90' lang='lat' dir='ltr'><em>eius</em></span> <span class='ocrx_word' id='word_1_151' title='bbox 1501 1592 1613 1631; x_wconf 87' lang='lat' dir='ltr'><em>libris</em></span> <span class='ocrx_word' id='word_1_152' title='bbox 1640 1594 1746 1632; x_wconf 89' lang='lat' dir='ltr'><em>testi-</em></span> 
     </span>
     <span class='ocr_line' id='line_1_20' title="bbox 214 1656 1747 1708; baseline 0.002 -14"><span class='ocrx_word' id='word_1_153' title='bbox 214 1657 389 1695; x_wconf 89' lang='lat' dir='ltr'><em>monium</em></span> <span class='ocrx_word' id='word_1_154' title='bbox 413 1656 636 1707; x_wconf 78' lang='lat' dir='ltr'><em>Symmachi</em></span> <span class='ocrx_word' id='word_1_155' title='bbox 658 1659 789 1707; x_wconf 88' lang='lat' dir='ltr'><em>(epist.</em></span> <span class='ocrx_word' id='word_1_156' title='bbox 806 1659 881 1697; x_wconf 94' lang='lat' dir='ltr'><em>III</em></span> <span class='ocrx_word' id='word_1_157' title='bbox 902 1658 997 1706; x_wconf 86' lang='lat' dir='ltr'><em>II):</em></span> <span class='ocrx_word' id='word_1_158' title='bbox 1025 1659 1109 1698; x_wconf 83' lang='lat' dir='ltr'><em>Stet</em></span> <span class='ocrx_word' id='word_1_159' title='bbox 1135 1661 1263 1708; x_wconf 71' lang='lat' dir='ltr'><em>iqitur</em></span> <span class='ocrx_word' id='word_1_160' title='bbox 1284 1661 1391 1698; x_wconf 82' lang='lat' dir='ltr'><em>inter</em></span> <span class='ocrx_word' id='word_1_161' title='bbox 1411 1670 1483 1698; x_wconf 85' lang='lat' dir='ltr'><em>nos</em></span> <span class='ocrx_word' id='word_1_162' title='bbox 1503 1661 1581 1698; x_wconf 88' lang='lat' dir='ltr'><em>ista</em></span> <span class='ocrx_word' id='word_1_163' title='bbox 1592 1661 1747 1708; x_wconf 84' lang='lat' dir='ltr'><em>pactio,</em></span> 
     </span>
     <span class='ocr_line' id='line_1_21' title="bbox 216 1723 1745 1774; baseline 0.003 -15"><span class='ocrx_word' id='word_1_164' title='bbox 216 1727 256 1760; x_wconf 78' lang='lat' dir='ltr'><em>ul</em></span> <span class='ocrx_word' id='word_1_165' title='bbox 288 1734 349 1761; x_wconf 91' lang='lat' dir='ltr'><em>me</em></span> <span class='ocrx_word' id='word_1_166' title='bbox 381 1724 541 1771; x_wconf 81' lang='lat' dir='ltr'><em>quidem</em></span> <span class='ocrx_word' id='word_1_167' title='bbox 580 1726 691 1762; x_wconf 87' lang='lat' dir='ltr'><em>iuuet</em></span> <span class='ocrx_word' id='word_1_168' title='bbox 728 1723 942 1763; x_wconf 74' lang='lat' dir='ltr'><em>uetustatis</em></span> <span class='ocrx_word' id='word_1_169' title='bbox 979 1726 1188 1774; x_wconf 69' lang='lat' dir='ltr'><em>exemplar</em></span> <span class='ocrx_word' id='word_1_170' title='bbox 1221 1725 1269 1763; x_wconf 88' lang='lat' dir='ltr'><em>de</em></span> <span class='ocrx_word' id='word_1_171' title='bbox 1301 1725 1556 1774; x_wconf 60' lang='lat' dir='ltr'><em>autographo</em></span> <span class='ocrx_word' id='word_1_172' title='bbox 1589 1730 1656 1763; x_wconf 88' lang='lat' dir='ltr'><em>tuo</em></span> <span class='ocrx_word' id='word_1_173' title='bbox 1680 1736 1745 1763; x_wconf 89' lang='lat' dir='ltr'><em>su-</em></span> 
     </span>
     <span class='ocr_line' id='line_1_22' title="bbox 213 1790 1745 1839; baseline 0.002 -14"><span class='ocrx_word' id='word_1_174' title='bbox 213 1799 331 1836; x_wconf 77' lang='lat' dir='ltr'><em>mere,</em></span> <span class='ocrx_word' id='word_1_175' title='bbox 371 1793 408 1828; x_wconf 86' lang='lat' dir='ltr'><em>te</em></span> <span class='ocrx_word' id='word_1_176' title='bbox 447 1795 580 1828; x_wconf 83' lang='lat' dir='ltr'><em>autem</em></span> <span class='ocrx_word' id='word_1_177' title='bbox 617 1801 694 1828; x_wconf 90' lang='lat' dir='ltr'><em>non</em></span> <span class='ocrx_word' id='word_1_178' title='bbox 726 1792 940 1839; x_wconf 83' lang='lat' dir='ltr'><em>paeniteat</em></span> <span class='ocrx_word' id='word_1_179' title='bbox 976 1793 1223 1839; x_wconf 85' lang='lat' dir='ltr'><em>scriptorum</em></span> <span class='ocrx_word' id='word_1_180' title='bbox 1261 1801 1438 1829; x_wconf 90' lang='lat' dir='ltr'><em>meorum</em></span> <span class='ocrx_word' id='word_1_181' title='bbox 1473 1790 1588 1839; x_wconf 86' lang='lat' dir='ltr'><em>ferre</em></span> <span class='ocrx_word' id='word_1_182' title='bbox 1632 1792 1745 1828; x_wconf 87' lang='lat' dir='ltr'><em>noui-</em></span> 
     </span>
     <span class='ocr_line' id='line_1_23' title="bbox 214 1856 1747 1905; baseline 0.002 -14"><span class='ocrx_word' id='word_1_183' title='bbox 214 1858 345 1892; x_wconf 81' lang='lat' dir='ltr'><em>tatem.</em></span> <span class='ocrx_word' id='word_1_184' title='bbox 409 1866 489 1893; x_wconf 81' lang='lat' dir='ltr'><em>non</em></span> <span class='ocrx_word' id='word_1_185' title='bbox 539 1856 663 1894; x_wconf 82' lang='lat' dir='ltr'><em>silebo</em></span> <span class='ocrx_word' id='word_1_186' title='bbox 709 1857 880 1894; x_wconf 81' lang='lat' dir='ltr'><em>alterum</em></span> <span class='ocrx_word' id='word_1_187' title='bbox 932 1867 1077 1894; x_wconf 85' lang='lat' dir='ltr'><em>munus</em></span> <span class='ocrx_word' id='word_1_188' title='bbox 1120 1857 1305 1905; x_wconf 80' lang='lat' dir='ltr'><em>opusculi</em></span> <span class='ocrx_word' id='word_1_189' title='bbox 1355 1858 1430 1903; x_wconf 80' lang='lat' dir='ltr'><em>tui,</em></span> <span class='ocrx_word' id='word_1_190' title='bbox 1481 1867 1558 1905; x_wconf 79' lang='lat' dir='ltr'><em>quo</em></span> <span class='ocrx_word' id='word_1_191' title='bbox 1601 1858 1747 1905; x_wconf 85' lang='lat' dir='ltr'><em>prisca</em></span> 
     </span>
     <span class='ocr_line' id='line_1_24' title="bbox 213 1916 1746 1974; baseline 0.002 -18"><span class='ocrx_word' id='word_1_192' title='bbox 213 1921 409 1968; x_wconf 80' lang='lat' dir='ltr'><em>cuiusque</em></span> <span class='ocrx_word' id='word_1_193' title='bbox 438 1916 613 1974; x_wconf 71' lang='lat' dir='ltr'><em>qentisl)</em></span> <span class='ocrx_word' id='word_1_194' title='bbox 648 1933 699 1959; x_wconf 67' lang='lat' dir='ltr'><em>ea:</em></span> <span class='ocrx_word' id='word_1_195' title='bbox 725 1919 828 1960; x_wconf 78' lang='lat' dir='ltr'><em>libro</em></span> <span class='ocrx_word' id='word_1_196' title='bbox 861 1921 1018 1960; x_wconf 88' lang='lat' dir='ltr'><em>Graeco</em></span> <span class='ocrx_word' id='word_1_197' title='bbox 1046 1924 1087 1960; x_wconf 78' lang='lat' dir='ltr'><em>in</em></span> <span class='ocrx_word' id='word_1_198' title='bbox 1115 1921 1306 1960; x_wconf 77' lang='lat' dir='ltr'><em>Latinum</em></span> <span class='ocrx_word' id='word_1_199' title='bbox 1333 1923 1587 1960; x_wconf 76' lang='lat' dir='ltr'><em>transtulisti.</em></span> <span class='ocrx_word' id='word_1_200' title='bbox 1630 1933 1746 1960; x_wconf 85' lang='lat' dir='ltr'><em>arma</em></span> 
     </span>
     <span class='ocr_line' id='line_1_25' title="bbox 213 1985 1746 2036; baseline 0.002 -15"><span class='ocrx_word' id='word_1_201' title='bbox 213 1985 263 2022; x_wconf 82' lang='lat' dir='ltr'><em>ab</em></span> <span class='ocrx_word' id='word_1_202' title='bbox 310 1985 568 2034; x_wconf 83' lang='lat' dir='ltr'><em>Samnitibus,</em></span> <span class='ocrx_word' id='word_1_203' title='bbox 613 1989 792 2035; x_wconf 69' lang='lat' dir='ltr'><em>insiqnia</em></span> <span class='ocrx_word' id='word_1_204' title='bbox 837 1998 861 2025; x_wconf 87' lang='lat' dir='ltr'><em>a</em></span> <span class='ocrx_word' id='word_1_205' title='bbox 910 1987 1063 2035; x_wconf 82' lang='lat' dir='ltr'><em>Tuscis,</em></span> <span class='ocrx_word' id='word_1_206' title='bbox 1106 1989 1211 2035; x_wconf 71' lang='lat' dir='ltr'><em>leqes</em></span> <span class='ocrx_word' id='word_1_207' title='bbox 1256 1988 1305 2025; x_wconf 88' lang='lat' dir='ltr'><em>de</em></span> <span class='ocrx_word' id='word_1_208' title='bbox 1349 1989 1437 2025; x_wconf 87' lang='lat' dir='ltr'><em>lare</em></span> <span class='ocrx_word' id='word_1_209' title='bbox 1481 1986 1665 2036; x_wconf 67' lang='lat' dir='ltr'><em>Lycurqi</em></span> <span class='ocrx_word' id='word_1_210' title='bbox 1708 1992 1746 2025; x_wconf 84' lang='lat' dir='ltr'><em>et</em></span> 
     </span>
     <span class='ocr_line' id='line_1_26' title="bbox 214 2050 1744 2102; baseline 0.003 -15"><span class='ocrx_word' id='word_1_211' title='bbox 214 2050 370 2089; x_wconf 82' lang='lat' dir='ltr'><em>Solonis</em></span> <span class='ocrx_word' id='word_1_212' title='bbox 401 2063 710 2100; x_wconf 78' lang='lat' dir='ltr'><em>sumpseramus.</em></span> <span class='ocrx_word' id='word_1_213' title='bbox 763 2058 855 2091; x_wconf 82' lang='lat' dir='ltr'><em>tuus</em></span> <span class='ocrx_word' id='word_1_214' title='bbox 886 2054 999 2091; x_wconf 84' lang='lat' dir='ltr'><em>nobis</em></span> <span class='ocrx_word' id='word_1_215' title='bbox 1023 2058 1118 2102; x_wconf 83' lang='lat' dir='ltr'><em>post</em></span> <span class='ocrx_word' id='word_1_216' title='bbox 1149 2054 1252 2091; x_wconf 78' lang='lat' dir='ltr'><em>haec</em></span> <span class='ocrx_word' id='word_1_217' title='bbox 1287 2053 1447 2091; x_wconf 79' lang='lat' dir='ltr'><em>addidit</em></span> <span class='ocrx_word' id='word_1_218' title='bbox 1484 2053 1600 2091; x_wconf 80' lang='lat' dir='ltr'><em>labor</em></span> <span class='ocrx_word' id='word_1_219' title='bbox 1623 2064 1744 2102; x_wconf 80' lang='lat' dir='ltr'><em>pere-</em></span> 
     </span>
     <span class='ocr_line' id='line_1_27' title="bbox 209 2118 1746 2166; baseline 0.002 -13"><span class='ocrx_word' id='word_1_220' title='bbox 209 2118 336 2163; x_wconf 71' lang='lat' dir='ltr'><em>qrina</em></span> <span class='ocrx_word' id='word_1_221' title='bbox 380 2122 652 2166; x_wconf 80' lang='lat' dir='ltr'><em>monumenta,</em></span> <span class='ocrx_word' id='word_1_222' title='bbox 697 2130 802 2166; x_wconf 75' lang='lat' dir='ltr'><em>quae</em></span> <span class='ocrx_word' id='word_1_223' title='bbox 841 2120 921 2156; x_wconf 85' lang='lat' dir='ltr'><em>iam</em></span> <span class='ocrx_word' id='word_1_224' title='bbox 957 2121 1022 2157; x_wconf 85' lang='lat' dir='ltr'><em>sui</em></span> <span class='ocrx_word' id='word_1_225' title='bbox 1062 2120 1258 2157; x_wconf 85' lang='lat' dir='ltr'><em>nesciunt.</em></span> <span class='ocrx_word' id='word_1_226' title='bbox 1315 2129 1423 2156; x_wconf 86' lang='lat' dir='ltr'><em>nunc</em></span> <span class='ocrx_word' id='word_1_227' title='bbox 1461 2129 1559 2157; x_wconf 85' lang='lat' dir='ltr'><em>uere</em></span> <span class='ocrx_word' id='word_1_228' title='bbox 1597 2120 1746 2156; x_wconf 80' lang='lat' dir='ltr'><em>ciuitas</em></span> 
     </span>
     <span class='ocr_line' id='line_1_28' title="bbox 212 2184 1743 2233; baseline 0.002 -14"><span class='ocrx_word' id='word_1_229' title='bbox 212 2187 352 2220; x_wconf 87' lang='lat' dir='ltr'><em>nostra</em></span> <span class='ocrx_word' id='word_1_230' title='bbox 376 2184 622 2231; x_wconf 83' lang='lat' dir='ltr'><em>populorum</em></span> <span class='ocrx_word' id='word_1_231' title='bbox 649 2186 824 2222; x_wconf 81' lang='lat' dir='ltr'><em>omnium</em></span> <span class='ocrx_word' id='word_1_232' title='bbox 847 2195 1005 2233; x_wconf 86' lang='lat' dir='ltr'><em>parens</em></span> <span class='ocrx_word' id='word_1_233' title='bbox 1033 2184 1150 2233; x_wconf 85' lang='lat' dir='ltr'><em>facta</em></span> <span class='ocrx_word' id='word_1_234' title='bbox 1184 2188 1262 2229; x_wconf 84' lang='lat' dir='ltr'><em>est;</em></span> <span class='ocrx_word' id='word_1_235' title='bbox 1295 2185 1441 2222; x_wconf 83' lang='lat' dir='ltr'><em>docere</em></span> <span class='ocrx_word' id='word_1_236' title='bbox 1472 2186 1576 2222; x_wconf 85' lang='lat' dir='ltr'><em>enim</em></span> <span class='ocrx_word' id='word_1_237' title='bbox 1607 2186 1743 2232; x_wconf 71' lang='lat' dir='ltr'><em>sinqu-</em></span> 
     </span>
     <span class='ocr_line' id='line_1_29' title="bbox 212 2245 1744 2303; baseline 0.001 -18"><span class='ocrx_word' id='word_1_238' title='bbox 212 2249 273 2285; x_wconf 89' lang='lat' dir='ltr'><em>las</em></span> <span class='ocrx_word' id='word_1_239' title='bbox 293 2252 427 2296; x_wconf 82' lang='lat' dir='ltr'><em>potest</em></span> <span class='ocrx_word' id='word_1_240' title='bbox 455 2251 717 2296; x_wconf 81' lang='lat' dir='ltr'><em>antiquitates</em></span> <span class='ocrx_word' id='word_1_241' title='bbox 742 2261 919 2288; x_wconf 83' lang='lat' dir='ltr'><em>suorum.</em></span> <span class='ocrx_word' id='word_1_242' title='bbox 966 2252 1053 2299; x_wconf 82' lang='lat' dir='ltr'><em>ipsa</em></span> <span class='ocrx_word' id='word_1_243' title='bbox 1080 2261 1177 2288; x_wconf 87' lang='lat' dir='ltr'><em>uero</em></span> <span class='ocrx_word' id='word_1_244' title='bbox 1194 2261 1275 2299; x_wconf 87' lang='lat' dir='ltr'><em>per</em></span> <span class='ocrx_word' id='word_1_245' title='bbox 1300 2261 1342 2288; x_wconf 83' lang='lat' dir='ltr'><em>se</em></span> <span class='ocrx_word' id='word_1_246' title='bbox 1368 2252 1541 2288; x_wconf 84' lang='lat' dir='ltr'><em>materia</em></span> <span class='ocrx_word' id='word_1_247' title='bbox 1551 2245 1583 2303; x_wconf 73' lang='lat'><em>2)</em></span> <span class='ocrx_word' id='word_1_248' title='bbox 1618 2251 1744 2298; x_wconf 70' lang='lat' dir='ltr'><em>diqna</em></span> 
     </span>
     <span class='ocr_line' id='line_1_30' title="bbox 211 2314 1745 2362; baseline 0.002 -13"><span class='ocrx_word' id='word_1_249' title='bbox 211 2314 379 2351; x_wconf 82' lang='lat' dir='ltr'><em>laudari</em></span> <span class='ocrx_word' id='word_1_250' title='bbox 411 2318 561 2362; x_wconf 81' lang='lat' dir='ltr'><em>quanto</em></span> <span class='ocrx_word' id='word_1_251' title='bbox 589 2316 806 2353; x_wconf 84' lang='lat' dir='ltr'><em>uerborum</em></span> <span class='ocrx_word' id='word_1_252' title='bbox 831 2317 1017 2354; x_wconf 82' lang='lat' dir='ltr'><em>stellatur</em></span> <span class='ocrx_word' id='word_1_253' title='bbox 1043 2316 1173 2353; x_wconf 82' lang='lat' dir='ltr'><em>auro?</em></span> <span class='ocrx_word' id='word_1_254' title='bbox 1216 2317 1376 2353; x_wconf 80' lang='lat' dir='ltr'><em>nescias</em></span> <span class='ocrx_word' id='word_1_255' title='bbox 1402 2317 1510 2354; x_wconf 84' lang='lat' dir='ltr'><em>cultu</em></span> <span class='ocrx_word' id='word_1_256' title='bbox 1539 2327 1588 2353; x_wconf 83' lang='lat' dir='ltr'><em>an</em></span> <span class='ocrx_word' id='word_1_257' title='bbox 1624 2316 1745 2354; x_wconf 87' lang='lat' dir='ltr'><em>rebus</em></span> 
     </span>
     <span class='ocr_line' id='line_1_31' title="bbox 211 2380 1743 2430; baseline 0.002 -15"><span class='ocrx_word' id='word_1_258' title='bbox 211 2381 342 2426; x_wconf 69' lang='lat' dir='ltr'><em>maqis</em></span> <span class='ocrx_word' id='word_1_259' title='bbox 386 2380 601 2417; x_wconf 84' lang='lat' dir='ltr'><em>uoluminis</em></span> <span class='ocrx_word' id='word_1_260' title='bbox 644 2381 773 2418; x_wconf 77' lang='lat' dir='ltr'><em>honor</em></span> <span class='ocrx_word' id='word_1_261' title='bbox 820 2381 1012 2427; x_wconf 58' lang='lat' dir='ltr'><em>caudent.</em></span> <span class='ocrx_word' id='word_1_262' title='bbox 1076 2380 1197 2418; x_wconf 83' lang='lat' dir='ltr'><em>uertit</em></span> <span class='ocrx_word' id='word_1_263' title='bbox 1246 2381 1365 2430; x_wconf 84' lang='lat' dir='ltr'><em>igitur</em></span> <span class='ocrx_word' id='word_1_264' title='bbox 1408 2380 1630 2419; x_wconf 81' lang='lat' dir='ltr'><em>Aristotelis</em></span> <span class='ocrx_word' id='word_1_265' title='bbox 1680 2380 1743 2418; x_wconf 86' lang='lat' dir='ltr'><em>uel</em></span> 
     </span>
     <span class='ocr_line' id='line_1_32' title="bbox 212 2442 1742 2496; baseline 0.002 -15"><span class='ocrx_word' id='word_1_266' title='bbox 212 2442 440 2482; x_wconf 80' lang='lat' dir='ltr'><em>Dicaearchi</em></span> <span class='ocrx_word' id='word_1_267' title='bbox 473 2443 536 2483; x_wconf 90' lang='lat' dir='ltr'><em>uel</em></span> <span class='ocrx_word' id='word_1_268' title='bbox 569 2443 669 2482; x_wconf 84' lang='lat' dir='ltr'><em>alius</em></span> <span class='ocrx_word' id='word_1_269' title='bbox 703 2445 787 2483; x_wconf 82' lang='lat' dir='ltr'><em>eius</em></span> <span class='ocrx_word' id='word_1_270' title='bbox 820 2445 977 2495; x_wconf 80' lang='lat' dir='ltr'><em>generis</em></span> <span class='ocrx_word' id='word_1_271' title='bbox 1010 2445 1215 2495; x_wconf 70' lang='lat' dir='ltr'><em>scriptoris</em></span> <span class='ocrx_word' id='word_1_272' title='bbox 1241 2446 1474 2495; x_wconf 73' lang='grc' dir='ltr'><em>πολιτείας,</em></span> <span class='ocrx_word' id='word_1_273' title='bbox 1506 2445 1624 2496; x_wconf 82' lang='lat' dir='ltr'><em>idque</em></span> <span class='ocrx_word' id='word_1_274' title='bbox 1658 2458 1742 2484; x_wconf 88' lang='lat' dir='ltr'><em>eam</em></span> 
     </span>
     <span class='ocr_line' id='line_1_33' title="bbox 211 2506 1742 2563; baseline 0.002 -17"><span class='ocrx_word' id='word_1_275' title='bbox 211 2507 259 2546; x_wconf 87' lang='lat' dir='ltr'><em>oh</em></span> <span class='ocrx_word' id='word_1_276' title='bbox 294 2521 462 2559; x_wconf 76' lang='lat' dir='ltr'><em>causam,</em></span> <span class='ocrx_word' id='word_1_277' title='bbox 495 2514 548 2559; x_wconf 81' lang='lat' dir='ltr'><em>ut,</em></span> <span class='ocrx_word' id='word_1_278' title='bbox 589 2522 664 2560; x_wconf 84' lang='lat' dir='ltr'><em>quo</em></span> <span class='ocrx_word' id='word_1_279' title='bbox 697 2509 832 2548; x_wconf 82' lang='lat' dir='ltr'><em>uerbis</em></span> <span class='ocrx_word' id='word_1_280' title='bbox 866 2509 1112 2549; x_wconf 79' lang='lat' dir='ltr'><em>Sallustianis</em></span> <span class='ocrx_word' id='word_1_281' title='bbox 1146 2506 1317 2563; x_wconf 64' lang='lat' dir='ltr'><em>vitatisss)</em></span> <span class='ocrx_word' id='word_1_282' title='bbox 1353 2509 1545 2560; x_wconf 81' lang='lat' dir='ltr'><em>ducimur,</em></span> <span class='ocrx_word' id='word_1_283' title='bbox 1584 2510 1742 2549; x_wconf 83' lang='lat' dir='ltr'><em>Posido·</em></span> 
     </span>
    </p>
   </div>
   <div class='ocr_carea' id='block_1_5' title="bbox 214 2635 1741 2842">
    <p class='ocr_par' dir='ltr' id='par_1_5' title="bbox 333 2635 1615 2681">
     <span class='ocr_line' id='line_1_34' title="bbox 333 2635 1615 2681; baseline 0.002 -13"><span class='ocrx_word' id='word_1_284' title='bbox 333 2636 364 2674; x_wconf 49' lang='lat'><em>122</em></span> <span class='ocrx_word' id='word_1_285' title='bbox 392 2635 501 2669; x_wconf 78' lang='lat' dir='ltr'><em>huius</em></span> <span class='ocrx_word' id='word_1_286' title='bbox 528 2636 628 2671; x_wconf 81' lang='lat' dir='ltr'><em>codd.</em></span> <span class='ocrx_word' id='word_1_287' title='bbox 657 2635 821 2670; x_wconf 80' lang='lat' dir='ltr'><em>nationis</em></span> <span class='ocrx_word' id='word_1_288' title='bbox 848 2636 952 2671; x_wconf 70' lang='lat' dir='ltr'><em>Seeck·</em></span> <span class='ocrx_word' id='word_1_289' title='bbox 977 2636 1100 2681; x_wconf 76' lang='lat' dir='ltr'><em>gentis</em></span> <span class='ocrx_word' id='word_1_290' title='bbox 1130 2637 1330 2672; x_wconf 69' lang='lat' dir='ltr'><em>Illommsen</em></span> <span class='ocrx_word' id='word_1_291' title='bbox 1355 2635 1408 2670; x_wconf 90' lang='lat' dir='ltr'><em>rei</em></span> <span class='ocrx_word' id='word_1_292' title='bbox 1434 2648 1468 2680; x_wconf 88' lang='lat' dir='ltr'><em>p.</em></span> <span class='ocrx_word' id='word_1_293' title='bbox 1496 2636 1615 2680; x_wconf 61' lang='lat' dir='ltr'><em>uulgo.</em></span> 
     </span>
    </p>

    <p class='ocr_par' dir='ltr' id='par_1_6' title="bbox 331 2690 1044 2735">
     <span class='ocr_line' id='line_1_35' title="bbox 331 2690 1044 2735; baseline 0.003 -14"><span class='ocrx_word' id='word_1_294' title='bbox 331 2692 363 2731; x_wconf 78' lang='lat'><em>2)</em></span> <span class='ocrx_word' id='word_1_295' title='bbox 391 2699 476 2732; x_wconf 84' lang='lat' dir='ltr'><em>pars</em></span> <span class='ocrx_word' id='word_1_296' title='bbox 502 2691 683 2724; x_wconf 78' lang='lat' dir='ltr'><em>materiae</em></span> <span class='ocrx_word' id='word_1_297' title='bbox 710 2690 819 2735; x_wconf 63' lang='lat' dir='ltr'><em>uulgo</em></span> <span class='ocrx_word' id='word_1_298' title='bbox 846 2701 908 2725; x_wconf 86' lang='lat' dir='ltr'><em>em.</em></span> <span class='ocrx_word' id='word_1_299' title='bbox 930 2690 1044 2725; x_wconf 71' lang='lat' dir='ltr'><em>Seeck.</em></span> 
     </span>
    </p>

    <p class='ocr_par' dir='ltr' id='par_1_7' title="bbox 214 2742 1741 2842">
     <span class='ocr_line' id='line_1_36' title="bbox 332 2742 1741 2789; baseline 0.002 -14"><span class='ocrx_word' id='word_1_300' title='bbox 332 2744 364 2784; x_wconf 79' lang='lat'><em>3)</em></span> <span class='ocrx_word' id='word_1_301' title='bbox 392 2742 498 2776; x_wconf 67' lang='lat' dir='ltr'><em>catil.</em></span> <span class='ocrx_word' id='word_1_302' title='bbox 521 2747 576 2786; x_wconf 67' lang='lat'><em>51,</em></span> <span class='ocrx_word' id='word_1_303' title='bbox 599 2747 642 2777; x_wconf 88' lang='lat'><em>38</em></span> <span class='ocrx_word' id='word_1_304' title='bbox 670 2745 785 2778; x_wconf 80' lang='lat' dir='ltr'><em>Arma</em></span> <span class='ocrx_word' id='word_1_305' title='bbox 812 2748 918 2788; x_wconf 76' lang='lat' dir='ltr'><em>atque</em></span> <span class='ocrx_word' id='word_1_306' title='bbox 944 2745 1014 2779; x_wconf 83' lang='lat' dir='ltr'><em>tela</em></span> <span class='ocrx_word' id='word_1_307' title='bbox 1039 2744 1219 2778; x_wconf 78' lang='lat' dir='ltr'><em>militaria</em></span> <span class='ocrx_word' id='word_1_308' title='bbox 1244 2744 1289 2778; x_wconf 74' lang='lat' dir='ltr'><em>ab</em></span> <span class='ocrx_word' id='word_1_309' title='bbox 1316 2743 1552 2785; x_wconf 78' lang='lat' dir='ltr'><em>Samnitibus,</em></span> <span class='ocrx_word' id='word_1_310' title='bbox 1578 2744 1741 2789; x_wconf 71' lang='lat' dir='ltr'><em>insiqnia</em></span> 
     </span>
     <span class='ocr_line' id='line_1_37' title="bbox 214 2796 1171 2842; baseline 0.003 -14"><span class='ocrx_word' id='word_1_311' title='bbox 214 2796 491 2841; x_wconf 70' lang='lat' dir='ltr'><em>tnayistratuum</em></span> <span class='ocrx_word' id='word_1_312' title='bbox 517 2797 562 2831; x_wconf 74' lang='lat' dir='ltr'><em>ab</em></span> <span class='ocrx_word' id='word_1_313' title='bbox 589 2796 713 2831; x_wconf 65' lang='lat' dir='ltr'><em>Tuscis</em></span> <span class='ocrx_word' id='word_1_314' title='bbox 733 2798 908 2842; x_wconf 76' lang='lat' dir='ltr'><em>pleraque</em></span> <span class='ocrx_word' id='word_1_315' title='bbox 932 2801 1171 2842; x_wconf 80' lang='lat' dir='ltr'><em>sumpserunt.</em></span> 
     </span>
    </p>
   </div>
  </div>
 </body>
</html>
