1842 3133
201 114 276 142 xm
531 98 591 133 DE
620 97 925 133 scmp'roavn
959 96 1080 131 vrris
1106 96 1167 130 ET
1196 95 1404 131 SCRIPTIS

204 214 282 249 Cic.
306 212 343 253 4.
368 212 402 249 7.
436 211 487 259 cf.
516 213 647 256 (stetim.
669 211 744 258 XI,
768 210 804 258 J,
828 210 900 256 24)
930 209 1097 259 maligne
1126 210 1165 246 in
1193 220 1283 246 eum
1312 209 1461 246 inuecti
1487 213 1590 259 sunt,
1611 206 1732 260 ‘quod

200 276 417 314 Mineruam
445 277 571 313 omnis
599 281 703 313 artes
731 287 771 313 se
800 274 1017 323 edocuisse,
1045 275 1272 325 scripsisset
1293 273 1426 312 Iouem
1453 286 1486 312 0.
1508 286 1558 313 m.
1580 275 1619 313 in
1641 285 1731 313 con-

201 341 334 379 cilium
369 340 529 379 deorum
563 353 604 378 se
638 340 861 390 admisisse,
901 339 1049 377 ltaliam
1084 339 1258 377 exsulem
1297 340 1447 377 umeris
1480 341 1562 378 suis
1595 352 1636 378 se
1670 351 1731 378 re-

199 404 405 457 portasse’,
453 406 519 443 alii
567 406 783 443 inriserunt
822 411 999 456 poemata
1039 411 1083 443 ut
1121 403 1257 443 ‘Musis
1305 410 1343 442 et
1387 404 1564 455 Apolline
1609 402 1730 443 nullo’

199 473 358 523 scripta,
392 484 439 509 ne
473 470 731 509 admiratores
765 470 923 521 quidem
957 471 1043 508 eius
1081 475 1212 521 partes
1244 471 1348 508 tucri
1381 471 1465 508 ausi
1498 475 1599 509 sunt.
1657 483 1731 521 qua

200 536 245 575 de
293 549 408 575 causa
455 542 581 575 certas
631 535 817 587 reliquias
859 536 998 574 horum
1045 540 1269 586 poematum
1312 548 1435 586 paene
1478 548 1615 574 omnes
1656 537 1731 587 ipsi

199 601 404 652 debemus,
444 614 587 653 paucas
627 601 826 652 exilesque
866 602 1005 640 Seruio
1046 606 1083 640 et
1116 600 1239 639 Nonio
1274 606 1430 652 praeter
1463 613 1545 652 eas,
1578 613 1677 653 quae
1711 614 1730 639 a

197 667 314 717 uulgo
348 669 387 705 in
422 666 635 706 ludibrium
668 679 807 705 uersae
842 673 943 705 sunt.
1007 666 1107 705 Sunt
1140 667 1258 717 igitur
1291 666 1380 705 liae:

320 731 354 770 1.
388 732 447 770 De
489 732 740 771 consulatu
781 744 862 771 suo
902 745 953 770 ex
994 732 1114 770 libro
1147 732 1182 770 I:
1229 732 1391 771 Seruius
1431 731 1477 770 ad
1504 732 1616 783 Verg.
1643 731 1730 771 buc.

198 798 276 836 YIll
315 796 397 836 105
432 794 499 850 (cs.
527 798 625 836 Plut.
655 799 732 836 Cic.
761 794 849 851 20).

316 863 373 901 Ex
398 863 520 901 libro
543 863 597 901 ll:
619 862 656 902 2.
680 863 882 901 Ciceronis
905 863 950 901 de
971 862 1119 901 diuin.l
1146 860 1385 913 11,17—22
1403 858 1512 915 (cum
1531 859 1729 913 u.20sqq.

197 930 244 967 cl'.
273 929 342 967 Dio
376 926 450 979 37,
478 926 551 979 25,
580 926 617 967 2.
664 941 805 967 uersus
839 926 1024 967 36-38
1069 930 1227 966 iterauit
1268 928 1313 966 de
1349 928 1467 966 diuin.
1495 927 1528 965 ΙΙ
1561 925 1635 978 20,
1661 925 1729 966 45.

197 994 275 1032 uid.
306 994 477 1032 Lactant.
506 995 594 1032 inst.
624 993 700 1032 diu.
730 994 781 1032 III
816 990 902 1047 17).

316 1057 353 1097 3.
388 1059 538 1098 Nonius
572 1072 600 1098 S.
629 1072 665 1098 u.
695 1065 862 1098 euentus
895 1072 930 1110 p.
959 1057 1056 1098 204.

314 1123 353 1163 4.
388 1124 448 1162 Ex
482 1125 606 1163 libro
639 1125 723 1163 III:
757 1124 960 1163 Ciceronis
993 1124 1040 1163 ad
1072 1126 1146 1163 Att.
1174 1124 1207 1163 Il
1240 1122 1277 1176 3,
1298 1123 1336 1163 4.

315 1188 351 1229 5.
388 1191 510 1229 Cicer.
534 1191 580 1229 ad
607 1190 650 1236 Q.
674 1191 719 1228 sr.
740 1190 773 1228 II
804 1188 825 1228 7
845 1188 920 1241 [9],
939 1188 959 1228 1
985 1192 1240 1239 (suadesque,
1276 1197 1317 1229 ut
1344 1194 1591 1230 meminerim
1618 1191 1730 1230 Iouis

196 1259 432 1299 wallonem,
466 1268 571 1304 quae
604 1263 661 1295 est
694 1259 733 1295 in
769 1263 947 1295 &fremo
981 1259 1047 1295 illo
1080 1258 1214 1304 le'bro).
1267 1256 1314 1294 cf.
1343 1255 1502 1301 Quintil.
1530 1255 1581 1294 XI
1617 1255 1651 1307 1,
1673 1254 1730 1295 24

197 1323 353 1368 (Iouem
380 1324 500 1369 illum,
535 1334 559 1360 α
593 1334 670 1370 quo
704 1325 745 1360 in
779 1324 995 1360 concilium
1029 1324 1195 1361 deorum
1229 1324 1488 1369 advocatur).
1536 1321 1726 1372 [Sallust]

196 1388 235 1424 in
269 1386 393 1425 Cicer.
420 1385 459 1437 4,
484 1384 518 1424 7.
573 1386 649 1425 uid.
678 1399 795 1438 supra
829 1400 864 1437 p.
885 1396 979 1425 VIII.

316 1452 532 1490 Incertae
561 1452 710 1491 sedis:
745 1452 781 1491 (5.
815 1451 978 1497 Quintil.
1000 1452 1048 1490 XI
1080 1451 1115 1503 1,
1137 1450 1193 1490 24
1223 1454 1465 1499 Mlueruam,
1493 1465 1597 1501 quae
1619 1459 1730 1491 artes

196 1530 282 1556 enm
318 1520 484 1564 (locuit).
537 1519 583 1555 cl'.
613 1517 804 1567 [Sallust]
840 1519 879 1556 in
912 1518 1037 1556 Cicer.
1065 1516 1103 1569 4,
1127 1516 1162 1556 7.

317 1581 352 1621 7.
387 1582 536 1621 Nonius
570 1596 598 1621 s.
625 1596 661 1621 11.
691 1596 832 1622 census
865 1596 900 1634 p.
928 1581 1025 1622 202.

315 1649 352 1687 8.
388 1648 578 1699 [Sallust]
613 1651 652 1687 in
687 1650 863 1688 Ciceron.
890 1647 929 1699 4,
954 1647 975 1687 7
1006 1650 1150 1695 (Italia
1177 1653 1353 1689 exsulem
1381 1653 1531 1689 umeris
1554 1653 1639 1689 suls
1665 1663 1726 1690 re·

192 1717 406 1764 portauit).

315 1777 351 1818 9.
387 1781 510 1818 Cicer.
540 1779 586 1818 de
613 1780 712 1818 offic.
740 1780 755 1818 I
789 1778 858 1831 22,
881 1778 932 1818 77
964 1776 1023 1834 (in
1050 1781 1179 1819 Pison.
1206 1779 1276 1832 29,
1299 1779 1352 1819 72
1368 1794 1450 1832 sqq.
1501 1781 1667 1833 Philipp.
1695 1781 1727 1820 11

197 1844 234 1895 8,
255 1843 322 1883 20.
359 1844 549 1894 [sallus-c]
573 1847 612 1883 in
635 1847 758 1884 Cicer.
782 1844 820 1896 3,
842 1844 878 1884 6.
916 1845 1030 1896 [Cic]
1054 1848 1093 1884 in
1122 1846 1210 1885 Sall.
1234 1846 1270 1897 2,
1293 1844 1328 1884 7.
1363 1846 1464 1884 Laus
1484 1846 1637 1885 Pisonis
1658 1843 1725 1885 36.

197 1910 290 1948 Ρ1111.
320 1916 395 1948 nat.
424 1911 512 1949 hist.
542 1908 578 1961 7,
609 1909 703 1949 117.
759 1913 889 1956 Quint.
918 1910 968 1949 xl
997 1909 1032 1962 1,
1060 1909 1127 1950 24.
1184 1911 1281 1950 Plut.
1313 1925 1436 1963 comp.
1464 1912 1660 1950 Demosth.
1689 1918 1726 1950 et

196 1977 273 2013 Cic.
302 1974 339 2014 2.
398 1977 508 2015 Seru.
537 1976 584 2015 ad
611 1977 722 2027 Verg.
750 1977 843 2015 Aen.
870 1976 885 2015 I
921 1973 976 2031 1).

318 2040 381 2079 10.
416 2041 576 2087 Quintil.
606 2041 655 2080 IX
687 2041 725 2092 4,
753 2040 807 2081 41
845 2038 1060 2095 ([Sallust.]
1094 2044 1134 2081 in
1169 2042 1247 2081 Cic.
1275 2040 1313 2093 3,
1341 2040 1378 2081 ἵ).
1425 2042 1539 2094 [Cic]
1569 2044 1608 2082 in
1636 2043 1725 2082 Sall.

195 2105 233 2157 2,
264 2105 298 2144 7.
344 2107 515 2146 luuenal.
546 2105 612 2158 10,
642 2105 735 2146 122.
777 2107 951 2146 Diomed.
981 2121 1015 2159 p.
1035 2106 1122 2147 466
1150 2104 1226 2162 Κ).

318 2170 381 2210 11.
417 2172 603 2222 [Probus]
640 2172 685 2211 de
718 2173 843 2212 ultim.
872 2173 954 2224 syll.
983 2186 1018 2224 p.
1047 2170 1131 2211 248
1160 2172 1201 2210 Κ.

318 2236 380 2274 12.
415 2238 492 2275 Cic.
527 2238 573 2276 ad
606 2239 679 2276 Au.
716 2238 745 2276 tl
784 2236 853 2289 15,
881 2237 907 2276 3
951 2234 1070 2291 (quae
1112 2238 1233 2277 uerba
1275 2238 1449 2277 Tunstall
1492 2239 1634 2290 aliique
1677 2239 1723 2277 ad

194 2302 358 2340 Marium
393 2300 614 2356 rettulere).

317 2366 380 2405 13.
415 2367 473 2405 lle
517 2369 813 2419 temporibus
856 2371 974 2408 suis:
1018 2369 1076 2407 Ex
1120 2369 1243 2407 libro
1279 2369 1335 2407 ll:
1375 2370 1498 2408 Cicer.
1527 2369 1573 2407 ad
1606 2372 1648 2415 Q.
1677 2371 1722 2407 l'r.

195 2432 243 2470 lll
282 2432 316 2483 1,
345 2431 411 2471 24.

316 2496 379 2535 14.
415 2498 633 2537 Incertae
667 2500 816 2538 sedis:
855 2501 978 2539 Cicer.
1007 2500 1053 2539 ad
1086 2502 1128 2546 Q.
1157 2501 1202 2539 l'r.
1231 2500 1263 2539 11
1296 2499 1321 2538 9
1345 2499 1420 2552 [7],
1444 2499 1478 2539 1.

318 2561 380 2601 15.
415 2563 474 2601 Ex
510 2563 674 2603 Mario:
711 2566 834 2604 Cicer.
864 2565 909 2604 de
943 2565 1040 2615 legg.
1068 2566 1082 2603 I
1118 2564 1153 2616 1,
1183 2563 1218 2604 1.

317 2627 380 2665 113.
416 2629 538 2666 Cicer.
569 2629 613 2667 dc
649 2630 768 2668 diuin.
796 2631 808 2668 l
843 2629 917 2681 47,
948 2628 1030 2669 106
1071 2626 1126 2683 (11.
1159 2630 1175 2668 1
1215 2632 1329 2668 etiam
1365 2633 1402 2668 111
1436 2631 1555 2669 schol.
1585 2631 1720 2669 Veron.

196 2692 241 2730 ad
271 2693 380 2741 Verg.
409 2695 501 2731 Aen.
526 2694 551 2729 V
579 2692 697 2748 255).

318 2756 380 2795 17.
417 2758 549 2796 isidor.
578 2761 672 2809 orig.
705 2760 784 2798 xlx
827 2759 859 2812 1,
886 2759 953 2799 20.
