1842 3133
205 126 262 167 44
766 127 803 161 M
807 126 1017 161 VNATIVS
1046 127 1201 161 RVFVS

204 237 304 290 περὶ
341 233 387 290 ἧς
419 236 441 278 ὁ
474 240 675 285 πλεῖστος
708 237 851 290 λόγος,
876 235 1005 289 <καὶ>
1031 237 1232 292 καθάπερ
1266 235 1314 278 ἐν
1347 237 1534 292 δράματι
1567 243 1626 296 τῷ
1654 240 1735 296 βίῳ

205 307 335 343 τοῦτο
369 302 415 343 τὸ
448 301 579 356 μέρος
610 302 979 355 προβληματῶδες
1008 300 1161 357 γέγονε
1188 300 1259 344 καὶ
1287 303 1465 356 ἄπορον.
1511 302 1735 359 Ἐπράχθη

208 365 253 408 δὲ
292 373 452 408 τοῦτον
490 367 568 408 τὸν
606 369 788 422 τρόπον,
827 367 884 416 ὡς
924 367 1092 422 [στορεῖ
1124 367 1320 423 Θρασέας
1359 369 1420 417 εἰς
1458 369 1737 423 Μουνάτιον,

207 433 348 486 ἄνδρα
376 433 584 482 Κάτωνος
611 431 785 486 ἑταῖρον
811 431 882 474 καὶ
911 435 1178 487 συμβιωτήν,
1207 432 1444 488 ἀναφέρων
1470 435 1550 489 τὴν
1574 436 1736 477 πίστιν.

200 496 275 538 Ἐν
324 501 504 547 πολλοῖς
554 496 756 552 ἐρασταῖς
799 498 870 539 καὶ
915 502 1194 553 θαυμασταῖς
1238 505 1317 541 τοῦ
1368 500 1578 550 Κάτωνος
1626 497 1737 554 ἦσαν

205 561 366 615 ἐτέρων
397 561 537 618 ἕτεροι
569 566 737 616 μᾶλλον
771 564 946 617 ἔκδηλοι
979 564 1051 605 καὶ
1084 565 1330 618 διαφανεῖς,
1364 560 1425 606 ὧν
1451 564 1523 606 καὶ
1550 567 1737 616 Κόιντος

199 626 447 683 Ὁρτήσιος,
487 628 597 685 ἀνὴρ
641 628 882 683 ἀξιώματός
919 645 963 671 τε
1002 632 1203 684 λαμπροῦ
1236 628 1307 671 καὶ
1339 630 1416 672 τὸν
1448 632 1614 685 τρόπον
1646 630 1736 673 ἐπι-

204 695 333 748 εικής.
397 692 631 749 ἐπιθυμῶν
675 691 759 736 οὗν
802 699 861 752 τῷ
903 692 1079 736 Κάτωνι
1123 695 1180 749 μὴ
1227 697 1427 750 συνήθης
1471 692 1584 738 εἶναι
1627 694 1736 751 μηδὲ

204 757 375 813 ἑταῖρος
401 760 553 814 μόνον,
586 758 678 802 ἀλλ’
712 759 830 815 ἁμῶς
862 759 914 814 γέ
936 775 1027 810 πως
1053 761 1114 810 εἷς
1141 761 1384 815 οἰκειότητα
1410 761 1637 816 καταμῖξαι
1664 762 1736 804 καὶ

203 827 444 866 κοινωνίαν
482 826 741 867 πάντα-τὸν
773 820 896 867 οἷκον
930 824 1001 867 καὶ
1033 826 1081 867 τὸ
1115 825 1243 880 γένος
1275 825 1524 881 ἐπεχείρησε
1557 828 1736 882 συμπεί-

203 895 325 939 θειν,
365 890 480 940 ὅπως
518 892 598 945 τὴν
636 890 862 946 θυγατέρα
903 893 1106 946 Πορκίαν
1139 892 1299 948 Βύβλῳ
1333 898 1632 934 συνοικοῦσαν
1663 891 1734 934 καὶ

203 955 504 1010 πεποιημένην
545 955 697 1013 ἐκείνῳ
741 957 821 998 δύο
863 958 1024 1006 παῖδας
1065 957 1181 1014 αὑτῷ
1216 958 1350 999 πάλιν
1392 959 1536 1012 ὥσπερ
1580 958 1733 1012 εὐγενῆ

204 1022 352 1075 χώραν
398 1020 755 1064 ἐντεκνώσασθαι
800 1023 1012 1081 παράσχῃ.
1082 1023 1185 1078 δόξῃ
1229 1020 1309 1077 μὲν
1354 1023 1436 1078 γὰρ
1481 1023 1736 1078 ἀνθρώπων

204 1088 369 1128 ἄτοπον
402 1084 515 1129 εἶναι
548 1088 594 1129 τὸ
629 1094 853 1139 τοιοῦτον,
893 1088 1025 1142 φύσει
1059 1086 1106 1129 δὲ
1138 1089 1275 1130 καλὸν
1306 1087 1378 1130 καὶ
1409 1091 1655 1143 πολιτικόν,
1688 1089 1735 1131 ἐν

204 1153 295 1208 ὥρα
327 1151 400 1193 καὶ
433 1152 545 1208 ἀκμῇ
579 1160 767 1207 γυναῖκα
799 1155 903 1208 μήτε
937 1152 1090 1208 ἀγρεῖν
1122 1154 1169 1195 τὸ
1203 1155 1390 1208 γόνιμον
1427 1154 1736 1208 ἀποσβέσασαν

204 1219 308 1271 μήτε
350 1220 532 1260 πλείονα
570 1226 658 1260 τῶν
699 1220 863 1260 ἱκανῶν
901 1218 1211 1261 ἐπιτίκτουσαν
1255 1218 1454 1274 ἐνοχλεῖν
1497 1221 1568 1261 καὶ
1606 1236 1734 1262 κατα-

203 1284 443 1338 πτωχεύειν
464 1283 599 1326 οὐδὲν
619 1285 843 1339 δεόμενον,
865 1284 1183 1339 κοινουμένους
1204 1285 1252 1326 δὲ
1272 1286 1346 1334 τὰς
1368 1286 1576 1340 διαδοχὰς
1599 1284 1736 1336 ἀξίοις

203 1348 390 1403 ἀνδράσι
429 1350 509 1403 τήν
546 1365 590 1391 τε
630 1349 787 1405 ἀρετὴν
825 1351 1033 1404 ἄφθονον
1071 1357 1215 1392 ποιεῖν
1252 1349 1323 1392 καὶ
1362 1351 1613 1406 πολύχυτον
1645 1359 1735 1401 τοῖς

204 1413 349 1468 γένεσι
387 1415 458 1456 καὶ
499 1416 580 1469 τὴν
611 1417 742 1457 πόλιν
774 1415 913 1469 αὐτὴν
944 1417 1053 1470 πρὸς
1086 1416 1224 1471 αὑτὴν
1256 1416 1608 1469 ἀνακεραννύναι
1641 1425 1734 1467 ταῖς

203 1481 478 1534 οἰκειότησιν.
530 1482 570 1522 εί
601 1480 648 1522 δὲ
680 1481 852 1531 πάντως
883 1480 1127 1536 περιέχοιτο
1160 1488 1235 1535 τῆς
1261 1483 1471 1536 γυναικὸς
1498 1482 1520 1524 ὁ
1547 1483 1733 1537 Βύβλος,

202 1544 450 1587 ἀποδώσειν
489 1546 628 1595 εὐθὺς
665 1553 880 1589 τεκοῦσαν
919 1548 1180 1602 οἰκειότερος
1222 1547 1339 1604 αὐτῷ
1372 1563 1417 1588 τε
1455 1548 1616 1603 Βύβλῳ
1661 1547 1732 1590 καὶ

204 1611 381 1652 Κάτωνι
420 1614 632 1667 κοινωνίᾳ
670 1613 843 1654 παίδων
881 1614 1128 1667 γενόμενος.
1180 1612 1534 1667 ἀποκριναμένου
1575 1611 1622 1655 δὲ
1654 1620 1731 1655 τοῦ

203 1677 425 1730 Κάτωνος,
467 1677 525 1726 ὡς
557 1675 786 1732 Ὁρτήσιον
827 1675 907 1731 μὲν
949 1677 1095 1734 ἀγαπᾷ
1138 1677 1209 1719 καὶ
1255 1679 1475 1733 δοκιμάζει
1516 1680 1733 1721 κοινωνὸν

201 1743 486 1796 οἰκειότητος,
525 1744 691 1785 ἄτοπον
730 1741 778 1785 δὲ
816 1744 982 1797 ἡγεῖται
1020 1748 1246 1786 ποιεῖσθαι
1284 1746 1419 1797 λόγον
1455 1743 1554 1798 περὶ
1590 1745 1732 1799 γάμου

201 1809 425 1863 θυγατρὸς
458 1807 588 1865 ἑτέρῳ
628 1808 880 1864 δεδομένης,
918 1808 1175 1864 μεταβαλὼν
1214 1808 1380 1859 ἐκεῖνος
1418 1809 1498 1851 οὐκ
1536 1810 1731 1864 ὤκνησεν

201 1873 595 1927 ἀποκαλυψάμενος
633 1875 772 1916 αἰτεῖν
816 1875 897 1929 τὴν
938 1874 1074 1916 αὐτοῦ
1119 1883 1306 1929 γυναῖκα
1352 1875 1582 1929 Κάτωνος,
1626 1875 1731 1917 νέαν

202 1939 282 1993 μὲν
315 1936 454 1981 οὖσαν
486 1937 550 1981 ἔτι
582 1940 691 1994 πρὸς
723 1941 770 1982 τὸ
804 1942 980 1994 τίκτειν,
1008 1943 1183 1995 ἔχοντος
1210 1940 1258 1982 δὲ
1284 1946 1362 1982 τοῦ
1390 1941 1600 1990 Κάτωνος
1626 1940 1728 1983 ἀπο-

200 2012 376 2058 χρῶσαν
415 2005 638 2059 διαδοχήν.
701 2005 773 2047 καὶ
813 2006 894 2047 οὐκ
925 2003 1047 2047 ἔστιν
1079 2007 1230 2057 εἰπεῖν,
1264 2006 1320 2054 ὡς
1352 2012 1487 2047 ταῦτα
1519 2003 1730 2059 ἔπραττεν

201 2070 328 2119 είόὼς
360 2070 412 2112 οὐ
445 2069 718 2125 προσέχοντα
750 2078 800 2126 τῇ
833 2073 1016 2127 ,Μαρκίᾳ
1049 2072 1126 2113 τὸν
1158 2071 1363 2113 Κάτωνα·
1418 2071 1614 2113 κύουσαν
1647 2073 1729 2126 γὰρ

201 2135 338 2190 αὐτὴν
376 2136 470 2177 τότε
510 2136 745 2190 τυγχάνειν
782 2136 998 2190 λέγουσιν.
1062 2136 1084 2178 ὁ
1117 2135 1156 2178 δ’
1195 2134 1277 2178 οὖν
1315 2136 1469 2178 Κάτων
1501 2136 1617 2192 ὁρῶν
1649 2138 1730 2191 τὴν

200 2207 278 2242 τοῦ
316 2199 547 2256 Ὁρτησίου
591 2203 790 2256 σπουδὴν
831 2201 902 2244 καὶ
943 2204 1203 2257 προθυμίαν
1247 2202 1327 2243 οὐκ
1372 2201 1588 2255 ἀντεῖπεν,
1630 2200 1719 2244 ἀλλ’

199 2264 282 2321 ἔφη
317 2267 411 2308 δεῖν
443 2265 515 2308 καὶ
545 2269 749 2324 Φιλίππῳ
776 2274 913 2309 ταῦτα
940 2268 1150 2318 συνδόξαι
1176 2273 1235 2324 τῷ
1256 2266 1386 2322 πατρὶ
1412 2273 1488 2321 τῆς
1516 2269 1728 2321 [Μαρκίας.

200 2331 256 2381 ὡς
295 2328 375 2373 οὖν
415 2331 437 2373 ὁ
480 2334 698 2382 Φίλιππος
741 2332 989 2388 ἐντευχθεὶς
1030 2331 1143 2387 ἔγνω
1185 2334 1264 2387 τὴν
1306 2333 1605 2387 συγχώρησιν,
1648 2332 1728 2375 οὐκ

198 2398 339 2446 ἄλλως
366 2397 601 2452 ἐνεγγύησε
633 2399 712 2452 τὴν
744 2399 955 2453 [Μαρκίαν
986 2398 1011 2452 ἢ
1044 2399 1262 2452 παρόντος
1294 2404 1372 2439 τοῦ
1406 2398 1614 2447 Κάτωνος
1651 2398 1728 2439 αὐ-

1757 843 1790 868 10

1757 1170 1788 1195 15

1754 1498 1787 1522 20

1749 2153 1782 2177 30

198 2469 276 2503 τοῦ
304 2463 374 2503 καὶ
402 2471 746 2517 συνεγγυῶντος.
787 2466 930 2505 Ταῦτα
957 2461 1037 2518 μὲν
1061 2460 1156 2515 οὖν,
1183 2464 1220 2505 εἰ
1247 2462 1318 2504 καὶ
1343 2465 1517 2518 χρόνοις
1540 2463 1727 2513 ὕστερον
1745 2476 1778 2502 :35

443 2528 685 2582 μνησθέντι
723 2545 797 2583 μοι
830 2530 877 2571 τὸ
917 2536 1005 2571 τῶν
1037 2536 1260 2582 γυναικῶν
1292 2531 1533 2584 προλαβεῖν
1564 2526 1723 2579 ἔδοξεν.

441 2567 447 2582 Α

199 2527 409 2582 ἐπράχθη,

320 2664 354 2698 1.
386 2661 450 2700 καὶ
482 2663 570 2700 add.
599 2663 751 2701 Comes.
