1842 3133
135 151 224 179 χχχ
463 134 526 167 nr,
555 133 853 168 sCRIPTORVM
886 133 1009 168 vrris
1036 133 1097 167 ΕΤ
1125 132 1332 168 semesis

131 248 326 286 aemulum
351 247 495 285 dixisse
517 246 658 284 melius
679 258 794 296 qnam
817 247 1024 296 scripsisse
1047 244 1247 283 constabat
1270 245 1374 292 (Cic.
1391 257 1448 283 or.
1464 244 1663 296 38,132),

131 319 167 351 nt
195 313 362 364 placeret
388 311 534 362 aliquid
561 324 604 349 eo
628 311 793 360 dicente,
821 310 923 361 quod
951 311 1127 359 legentes
1156 322 1231 348 non
1259 311 1487 349 inuenirent
1508 310 1664 357 (Quint.

132 380 200 417 „w
221 380 258 419 3.
285 378 338 423 S).
390 376 573 415 utebatur
605 376 709 414 idem
743 375 934 425 singulari
967 377 1155 414 memoria
1184 377 1288 422 (Cic.
1316 377 1429 414 Brut.
1457 374 1525 424 88,
1546 376 1664 426 301),

131 457 206 494 qna
250 443 406 481 adiutus
449 443 641 480 maiorum
685 454 772 479 cum
816 441 981 479 aliorum
1022 447 1103 479 tum
1146 453 1307 479 suorum
1349 453 1412 479 res
1456 440 1665 491 diligenter

134 508 301 546 tenebat.
343 507 448 546 uelut
480 508 616 545 Cicero
645 506 690 545 de
719 504 870 545 ‘decem
899 507 1036 557 legatis
1063 504 1263 545 Mummio'
1292 507 1408 544 Attici
1443 507 1664 544 auctoritati

132 575 287 624 opponit
326 586 380 623 ea,
415 585 513 623 quae
554 572 599 610 de
640 584 717 610 uno
752 584 798 609 ex
832 573 905 621 eis,
940 572 979 610 C.
1007 572 1239 623 Sempronio
1273 570 1484 621 Tuditano,
1518 583 1664 622 proauo

132 639 348 687 Hortensii,
382 651 426 675 cx
462 651 505 675 eo
547 636 781 675 ‘audisse'
824 637 961 675 scribit
1002 640 1076 683 (ad
1104 640 1182 676 Ast.
1210 637 1329 676 XIII
1355 637 1423 684 30,
1446 637 1494 682 2‚·
1526 637 1594 685 32,
1615 637 1665 682 3,-

133 716 209 742 non
245 707 347 742 enim
383 710 529 741 temere
557 705 663 741 dixit
690 704 929 741 Hortensius
955 704 1024 751 33,
1045 703 1103 749 3).
1154 704 1287 753 itaque
1321 703 1438 740 etiam
1471 701 1539 740 XII
1567 698 1605 752 5,
1627 699 1665 752 3,

132 769 197 807 nbi
238 768 427 819 quaedam
468 765 531 806 ‘de
565 768 666 806 bono
700 774 875 819 auctore,
910 768 1137 818 Hortensio,
1176 781 1216 806 se
1257 764 1526 818 accepisse’
1562 766 1666 817 dicit,

133 834 179 873 ad
214 834 359 872 (lictum
394 835 478 871 cius
512 833 646 871 rettuli
679 835 856 885 eiecique
891 847 935 872 ex
970 830 1257 887 s1·agme1ltis.¹)
1310 838 1428 871 restat
1462 845 1584 871 unum
1619 845 1663 870 ex

134 900 294 950 velleio,
337 901 402 950 qui
443 898 488 937 ad
528 899 688 937 annales
722 900 825 950 eius,
859 912 955 950 quos
989 900 1135 949 citauit,
1170 912 1258 937 cum
1293 898 1338 937 de
1372 898 1521 936 Minatii
1554 898 1666 948 Magi,

133 967 234 1003 ataui
280 966 357 1015 sui,
402 966 549 1003 uirtute
596 971 821 1015 quaereret,
862 978 947 1003 esse
989 965 1138 1003 delatus
1182 964 1353 1003 uidetur.
1410 965 1578 1015 pertinet
1620 963 1667 1001 ad

133 1031 277 1069 bellum
312 1030 533 1080 Marsicum,
567 1042 638 1068 nec
671 1031 813 1068 inscite
847 1030 887 1068 E.
910 1030 1113 1069 Woelfflin
1141 1031 1295 1077 (Herm.
1318 1030 1374 1067 27
1399 1043 1441 1079 p.
1465 1030 1548 1067 (552
1564 1031 1665 1077 sqq.)

134 1097 312 1135 meminit
351 1095 560 1145 l'lutarcbi,
600 1097 667 1146 qui
705 1097 745 1133 in
787 1097 867 1134 uita
907 1095 1059 1134 Luculli
1099 1108 1130 1133 c.
1162 1093 1181 1133 1
1219 1090 1355 1148 (quem
1390 1094 1518 1133 locum
1551 1095 1668 1132 etiam

134 1163 173 1199 in
214 1161 365 1209 Fragm.
399 1174 433 1211 p.
468 1158 553 1198 205
599 1158 792 1214 indicaui)
838 1161 941 1199 hunc
989 1161 1280 1199 adulescentem
1326 1173 1414 1199 cum
1459 1160 1667 1198 Hortensio

134 1233 306 1277 oratore,
346 1226 510 1264 Sisenna
550 1238 683 1264 rerum
723 1228 915 1277 scriptore
954 1228 1149 1265 iocantem
1189 1239 1230 1264 se
1271 1225 1419 1264 bellum
1458 1225 1667 1263 Marsicum

135 1294 219 1330 siue
246 1304 365 1330 uersu
394 1293 477 1329 siue.
504 1287 680 1330 ‘oratione
707 1291 770 1330 uel
798 1292 945 1330 Graece
972 1292 1035 1331 uel
1064 1292 1199 1330 Latine
1233 1297 1535 1342 persecuturum
1569 1303 1667 1340 esse,

135 1363 246 1409 prout
277 1370 361 1395 sors
389 1358 600 1407 euenisset,
635 1362 669 1395 et
705 1357 911 1407 gloriatum
946 1370 1032 1396 esse
1060 1359 1236 1395 narrauit
1264 1362 1298 1395 et
1330 1356 1476 1394 Graeca
1504 1356 1664 1394 historia

135 1424 373 1474 exposuisse,
406 1422 590 1473 idemque
625 1424 736 1473 qnasi
771 1429 986 1461 certantem
1027 1436 1114 1461 cum
1157 1436 1201 1460 eo
1240 1422 1493 1460 tim-tensium
1534 1421 1667 1459 Latina

135 1488 198 1526 ille
232 1490 295 1526 nir
329 1488 464 1526 doctus
492 1489 671 1526 coniecit.
724 1502 812 1526 nam
841 1501 911 1539 per
938 1502 978 1526 se
1010 1490 1094 1539 ipsa
1121 1489 1282 1526 historia
1311 1488 1357 1525 ab
1384 1487 1583 1525 Hortensii
1610 1487 1667 1524 in-

137 1554 221 1592 dole
248 1553 406 1592 uidetur
440 1553 664 1592 abhorrere.

708 1721 757 1766 L.
786 1720 1091 1768 LVCCEIVS

259 1839 322 1876 liis
351 1839 605 1890 temporibus,
633 1839 775 1890 quibus
800 1839 936 1877 Cicero
965 1852 1009 1878 ex
1039 1839 1175 1877 exsilio
1203 1839 1324 1878 redux
1354 1839 1481 1878 locum
1510 1838 1583 1877 sihi
1612 1839 1668 1876 rei

139 1904 315 1955 publicae
356 1904 688 1943 administrandae
724 1911 974 1956 praereptum
1009 1918 1095 1943 esse
1130 1918 1218 1943 cum
1252 1918 1392 1955 magno
1427 1918 1496 1943 sno
1537 1904 1668 1942 dolore

138 1970 405 2020 intellegebat,
451 1977 488 2008 ut
538 1976 643 2007 certe
689 1972 919 2008 memoriam
965 1983 1074 2008 suam
1118 1970 1421 2021 redintegraret,
1462 1983 1549 2008 cnm
1596 1969 1668 2007 alia

139 2035 372 2073 moliebatur
402 2041 480 2073 tum
512 2036 549 2073 l..
572 2035 783 2073 Lucceium
811 2035 996 2086 precibus
1024 2035 1128 2074 adiit.
1163 2037 1195 2073 is
1217 2035 1421 2074 Catilinam
1449 2042 1483 2074 et
1512 2035 1668 2086 publice

140 2114 169 2139 a.
198 2099 254 2139 64
282 2098 367 2139 1390
401 2113 510 2138 reum
546 2102 649 2139 inter
682 2102 844 2139 sicarios
878 2102 1019 2139 fecerat
1056 2106 1093 2139 et
1126 2102 1322 2139 orationes
1355 2102 1394 2139 in
1429 2114 1517 2139 eum
1546 2102 1668 2151 scrip-

140 2172 252 2217 serat,
281 2172 318 2203 nt
351 2167 432 2216 pari
461 2171 576 2216 atque
606 2166 742 2204 Cicero
770 2165 857 2204 odio
886 2168 923 2204 in
953 2179 1040 2204 eum
1069 2166 1235 2217 arderet,
1264 2172 1299 2204 et
1328 2180 1359 2204 a.
1382 2163 1550 2215 59s'o95
1579 2178 1667 2203 con-

140 2231 306 2268 sulatnm
348 2244 435 2269 cnm
478 2231 603 2269 Bibuli
644 2232 727 2269 loco
767 2237 935 2282 peteret,
975 2231 1156 2282 repulsus
1191 2236 1270 2269 erat
1307 2233 1470 2277 (As-con.
1498 2233 1554 2269 ml
1590 2233 1668 2269 (lje.

140 2299 178 2333 in
215 2304 308 2343 (ossa
342 2299 458 2334 euml.
481 2310 521 2346 p.
550 2296 603 2334 Sl
626 2310 680 2345 sq.
721 2298 798 2335 (Vc.
827 2299 883 2335 as!
914 2300 992 2335 All.
1025 2298 1044 2334 Ι
1080 2298 1250 2342 1211),
1290 2302 1329 2334 ut
1371 2298 1464 2334 item
1505 2309 1523 2334 a
1558 2309 1599 2334 re
1635 2309 1668 2346 p.

142 2368 313 2399 remotus
355 2362 494 2399 litteris
534 2374 574 2399 se
615 2362 775 2400 abderet
810 2368 842 2399 et
886 2363 923 2399 in
962 2360 1099 2399 ‘italici
1135 2362 1225 2399 belli
1259 2368 1293 2399 et
1329 2361 1457 2399 ciuilis
1491 2359 1668 2399 historia'

141 2426 345 2464 scribenda
386 2433 623 2465 uersaretur.
675 2440 802 2478 neque
844 2433 970 2465 tamen
1011 2427 1082 2464 boc
1123 2440 1220 2478 opus
1257 2428 1428 2477 primum
1461 2438 1669 2476 aggressus

141 2497 210 2529 est.
269 2505 355 2529 nam
403 2494 477 2530 iam
523 2498 635 2530 antea
675 2491 858 2543 ‘quodam
898 2494 937 2530 in
978 2493 1176 2543 prooemio
1219 2490 1469 2530 suauissime'
1512 2491 1669 2530 demon-

140 2562 330 2594 stram-rat
374 2570 414 2593 se
448 2571 466 2594 a
501 2558 632 2595 Gratia
672 2571 750 2596 non
789 2559 912 2607 magis
952 2558 1054 2595 llccti
1095 2559 1268 2608 potuisse
1308 2570 1423 2608 quam
1460 2557 1669 2595 llercnlem

144 2621 459 2672 Xenophontium
495 2623 602 2661 illum
637 2636 656 2661 a
685 2623 897 2673 Voluptate.
963 2624 1188 2672 aptissimus
1228 2624 1347 2671 igitur
1386 2622 1576 2660 Lucceius
1609 2623 1669 2659 tli-

264 2753 292 2784 1)
324 2748 357 2780 Ιῧ.
390 2748 634 2789 Kornemann,
659 2751 736 2783 Zur
764 2750 885 2784 (isselt.
908 2750 940 2783 d.
965 2749 1221 2783 (iracchenzvit
1242 2761 1274 2793 p.
1298 2753 1340 2781 39
1368 2748 1459 2782 haec
1481 2748 1628 2791 aliaque
1650 2759 1671 2780 a

141 2800 314 2833 t'iceronc
343 2812 383 2833 ex
412 2801 489 2834 cius
518 2802 715 2835 annalibus
743 2806 889 2847 sumpta
919 2814 997 2836 esse
1025 2803 1158 2835 frustra
1188 2802 1322 2846 posuit.
