1842 3133
18 903 76 937 lix.
97 904 135 935 fr.
154 906 195 936 12

105 1500 146 1532 fr.
170 1502 188 1531 3

229 136 310 177 10?
712 134 748 170 C.
776 135 985 170 LICINIVS
1012 133 1261 170 MVCIANVS

347 245 389 287 2.
425 250 526 286 Ρῖίη.
554 261 591 286 n.
613 249 649 286 h.
672 248 745 286 III
761 247 818 285 59
851 247 964 286 Aliud
1002 247 1234 286 miraculum
1272 260 1290 285 a
1319 247 1469 285 Circeis
1506 246 1616 298 palus
1642 248 1754 287 Pom-

227 315 331 365 ptina
367 319 437 363 est,
472 325 587 364 quem
622 313 756 367 locum
784 322 916 351 XXIIII
950 312 1109 352 urbium
1143 313 1263 351 fuisse
1291 312 1493 350 Mucianus
1527 317 1587 351 ter
1620 313 1755 352 consul

227 378 407 430 prodidit.

346 440 388 484 3.
425 446 525 484 Plin.
559 457 595 483 η.
623 445 659 483 72.
692 445 755 482 II*
777 445 833 482 66
875 444 1005 494 Longe
1046 443 1263 482 clarissima
1303 449 1337 482 et
1379 443 1588 495 Cycladum
1627 443 1755 483 media

227 523 268 548 ac
313 510 456 561 templo
490 509 679 561 Apollinis
722 516 754 548 et
798 514 972 548 mercatu
1013 509 1207 548 celebrata
1241 509 1366 560 Delos,
1405 522 1504 561 quae
1554 509 1619 548 diu
1660 510 1754 548 ssuc-
1793 524 1808 551 5

228 581 342 625 tuata,
376 581 415 613 ut
452 575 641 626 proditur,
682 575 761 613 sola
796 580 944 614 motum
977 580 1107 613 terrae
1146 587 1223 613 non
1258 576 1377 614 sensit
1412 574 1457 613 ad
1491 574 1537 613 Μ.
1571 575 1755 614 Varronis

227 646 405 680 aetatem.
470 641 673 679 Mucianus
706 641 877 692 prodidit
910 641 969 678 bis
1003 653 1245 679 concussam.

347 703 391 747 4.
428 708 529 745 le.
558 720 594 745 n.
621 709 657 746 h.
688 708 830 745 11'0‘7
865 706 998 757 Syros,
1039 719 1155 757 quam
1195 707 1362 745 circuitu
1401 711 1535 756 patere
1574 716 1636 744 XX
1676 706 1755 744 mil.

229 785 328 823 pass.
362 772 621 823 prodiderunt
652 778 821 823 ueteres,
855 772 1057 810 Mucianus
1093 780 1192 811 CLX.

348 835 390 878 5.
439 840 540 877 Plin.
574 852 610 877 η.
644 840 680 877 le.
716 839 781 876 II*
810 839 864 876 77
917 837 1092 876 Circuitu
1137 851 1232 876 uero
1278 839 1396 876 totius
1442 838 1555 876 Ponti
1605 838 1756 876 uiciens
1778 853 1810 878 10

228 903 366 954 semel,
413 910 450 942 ut
499 909 635 942 auctor
680 910 737 942 est
780 904 900 942 Varro
947 909 981 942 et
1027 904 1106 941 fere
1148 908 1316 942 ueteres.
1381 903 1509 954 Nepos
1552 902 1756 941 Cornelius

229 978 341 1008 CCCL
376 969 482 1008 milia
522 969 656 1020 adicit,
697 969 967 1008 Artemidorus
1003 966 1186 1022 lXXvIIIIlv
1222 978 1354 1007 XVIIII
1388 979 1419 1007 M
1449 969 1556 1019 facit,
1588 968 1756 1019 Agrippa

230 1032 363 1087 lXXnIl
400 1045 459 1074 LX
492 1035 584 1086 mil„
618 1035 820 1074 Mucianus
857 1032 1007 1089 lXXIIII]
1044 1045 1137 1073 XXV
1171 1045 1216 1074 M.

347 1098 391 1141 6.
430 1102 528 1140 ΙἸίη.
562 1102 672 1139 Γόθ
711 1101 817 1139 Inter
855 1102 1078 1140 Arsinoiten
1118 1107 1249 1140 autem
1291 1113 1332 1139 ac
1373 1099 1611 1151 Memphiten
1651 1100 1757 1138 lacus

229 1168 299 1205 t'uit
334 1168 501 1205 circuitu
530 1176 616 1205 CCL
638 1176 671 1205 M
698 1180 884 1218 passuum
912 1173 988 1217 aut,
1018 1172 1060 1205 ut
1093 1167 1296 1205 Mucianus
1327 1165 1453 1217 tradit,
1488 1175 1631 1204 CCCCL
1653 1175 1686 1203 M
1720 1170 1759 1204 et
1778 1178 1810 1203 15

228 1232 444 1271 altitudinis
479 1242 504 1270 L
540 1245 743 1284 passuum,
783 1245 900 1271 manu
934 1233 1075 1283 sactus,
1118 1246 1136 1271 a
1170 1244 1262 1283 rege
1296 1233 1362 1283 qui
1396 1232 1543 1270 fecerat
1575 1231 1758 1270 Moeridis

228 1298 456 1349 appellatus.

351 1360 392 1404 7.
428 1366 528 1403 I'lt'tz.
562 1378 599 1402 n.
633 1363 812 1403 72.1'83
858 1364 905 1402 Et
951 1363 997 1402 de
1036 1364 1235 1415 Euphrate
1280 1363 1351 1402 hoc
1398 1365 1437 1402 in
1483 1363 1566 1402 loco
1613 1362 1757 1401 dixisse

229 1431 475 1482 aptissimum
506 1431 635 1469 fuerit.
682 1431 809 1468 oritur
841 1431 880 1468 in
907 1430 1156 1481 praefectura
1178 1430 1385 1468 Armeniae
1413 1431 1573 1468 maioris
1601 1429 1756 1467 Carani-

230 1495 320 1547 tide,
353 1502 393 1534 ut
428 1495 638 1547 prodidere
673 1508 718 1534 ex
757 1497 805 1534 iis
839 1497 907 1547 qui
940 1497 1115 1547 proxime
1149 1495 1332 1534 uiderant
1363 1495 1555 1534 Domitius
1589 1494 1757 1533 Corbulo
1779 1505 1812 1530 20

229 1563 269 1600 in
315 1566 446 1600 moute
492 1561 582 1612 Aga,
627 1561 802 1600 Licinius
844 1561 1046 1600 Mucianus
1092 1561 1163 1600 sub
1210 1560 1408 1599 radicibus
1453 1562 1596 1599 montis
1641 1573 1758 1611 quern

230 1627 401 1678 Capoten
435 1627 615 1678 appellat,
649 1640 767 1678 supra
795 1627 987 1666 Zimaram
1015 1636 1080 1666 XII
1108 1637 1140 1665 M
1173 1639 1372 1678 passuum,
1406 1627 1517 1665 initio
1545 1626 1758 1678 Pyxurates

230 1695 464 1732 nominatus.

352 1756 395 1799 S.
430 1761 532 1798 le.
567 1772 602 1797 n.
637 1761 672 1797 h.
711 1760 744 1796 Γ
773 1758 857 1812 128
902 1758 944 1797 In
990 1758 1201 1798 Phoenicio
1236 1758 1376 1797 deinde
1422 1759 1521 1797 mari
1567 1763 1625 1796 est
1670 1762 1758 1796 ante

231 1826 348 1876 Iopen
382 1825 505 1874 Paria,
547 1830 623 1863 tota
658 1824 856 1875 oppidum,
895 1825 933 1863 iu
969 1837 1042 1875 qua
1076 1824 1269 1863 obiectam
1302 1824 1439 1862 beluae
1473 1823 1758 1862 Andromedam
1780 1833 1812 1858 25

232 1892 379 1941 ferunt,
421 1896 454 1928 et
491 1892 565 1929 iam
596 1890 697 1928 dicta
719 1890 884 1941 Arados,
912 1891 1016 1928 inter
1048 1903 1162 1941 quam
1198 1895 1236 1928 et
1268 1891 1533 1928 continentem
1569 1899 1596 1927 L
1629 1888 1758 1928 cubita

232 1957 306 1995 alto
342 1958 450 2006 mari,
483 1962 524 1994 ut
558 1960 695 1995 auctor
722 1961 781 1994 est
806 1955 1023 2005 Mucianus,
1056 1969 1075 1994 e
1111 1956 1215 1994 sonte
1245 1955 1370 1994 dulcis
1397 1968 1493 2006 aqua
1522 1954 1614 1993 tubo
1643 1956 1759 1993 coriis

233 2023 332 2060 sacto
365 2034 490 2073 usque
524 2035 541 2060 a
576 2021 676 2060 uado
710 2022 889 2060 trabitur.

351 2084 395 2128 9.
432 2089 532 2126 I’le'tz.
561 2100 598 2126 η.
624 2089 661 2126 h.
699 2088 732 2124 Γ
763 2088 844 2125 132
879 2086 955 2125 Sed
983 2086 1247 2137 pulcherrima
1275 2092 1330 2125 est
1361 2086 1481 2125 libera
1508 2086 1675 2125 Rhodos.
1704 2109 1757 2112 —

234 2153 346 2191 distat
389 2153 435 2191 ab
475 2152 706 2191 Alexandria
747 2152 908 2204 Aegypti
944 2161 1156 2190 DLXXXIII
1190 2162 1235 2202 M,
1268 2158 1308 2190 ut
1344 2152 1515 2190 Isidorus
1551 2151 1678 2202 tradit,
1718 2157 1755 2190 ut
1779 2163 1813 2188 30

234 2219 514 2257 Eratosthenes
549 2227 811 2257 (JCCCLXVIII
845 2227 889 2268 M,
923 2222 960 2255 ut
997 2217 1200 2256 Mucianus
1228 2227 1270 2268 D,
1304 2231 1322 2255 a
1358 2218 1482 2268 Cypro
1518 2227 1699 2255 CLXXVI.

356 2281 427 2324 10.
462 2286 563 2323 le.
592 2297 628 2322 η.
655 2286 691 2322 h.
731 2285 806 2321 VJ]
831 2284 889 2321 36
921 2283 974 2321 Ex
1011 2283 1166 2322 seminis
1200 2285 1342 2322 mutari
1376 2285 1413 2321 in
1442 2296 1571 2322 mares
1599 2296 1673 2321 non
1701 2289 1756 2321 est

236 2350 464 2388 fabulosum.
500 2373 550 2376 fi
589 2350 762 2387 Licinius
796 2349 997 2387 Mucianus
1031 2348 1199 2399 prodidit
1235 2350 1362 2387 uisum
1392 2363 1409 2387 a
1445 2362 1485 2385 se
1520 2349 1632 2397 Argis
1668 2349 1759 2386 Are-

235 2422 421 2461 scontem‚
449 2417 508 2453 cui
540 2427 679 2453 nomen
710 2415 925 2452 Arescusae
954 2415 1085 2464 fuisse,
1113 2415 1293 2464 nupsisse
1323 2415 1450 2464 etiam,
1484 2427 1570 2452 mox
1601 2413 1758 2452 barbam

235 2487 271 2519 et
305 2481 533 2519 uirilitatem
575 2482 804 2531 prouenisse
844 2492 1084 2530 uxoremque
1130 2479 1304 2531 duxisse3
1351 2479 1526 2518 eiusdem
1567 2481 1683 2517 sortis
1723 2485 1761 2517 et
1780 2496 1813 2521 35

236 2547 424 2597 Zmyrnae
459 2559 624 2596 puerum
658 2559 677 2584 a
712 2558 753 2584 se
786 2547 928 2583 uisum.

356 2654 391 2688 7.
431 2655 505 2688 Vt'd.
530 2655 669 2689 (sorbul.
691 2655 736 2697 fr.
760 2657 790 2688 3.

355 2701 391 2736 S.
422 2702 473 2744 Cf.
498 2703 625 2737 Stmbo
654 2702 756 2736 XVI
777 2705 813 2743 2,
835 2706 878 2737 13
899 2713 936 2746 p.
962 2705 1040 2737 754.

357 2797 400 2852 ⁸2,
441 2805 469 2838 1.
500 2803 677 2850 pomtina
698 2803 899 2840 Cadmeia.
1026 2797 1098 2852 10,
1133 2804 1198 2840 33.
1232 2803 1462 2840 aristontem
1489 2803 1594 2840 codd.
