1842 3133
189 159 345 189 CLXXX
521 156 584 190 DE
613 154 920 189 SCRIPTORVM
946 154 1070 188 VITIS
1098 154 1158 188 ET
1185 153 1394 189 SCRIPTIS

187 281 275 307 cum
310 268 454 306 librum
489 268 608 316 misit,
635 267 785 304 incerta
813 271 883 304 est.
929 267 985 303 sic
1013 272 1144 304 autem
1172 278 1262 304 eum
1289 265 1501 316 alloquitur
1527 267 1724 316 (praef.):

185 336 374 383 Hymnus
414 333 467 371 M.
496 333 623 370 Fabio
659 334 883 380 plurimam
921 333 1101 370 salutem.
1148 332 1237 370 Etsi
1275 336 1311 370 te
1347 332 1482 370 studio
1517 343 1722 380 aramma-

186 403 293 437 ticae
338 401 440 437 artis
479 399 706 447 inductum,
746 409 825 436 non
863 399 989 435 solum
1028 408 1219 435 uersuum
1262 398 1561 445 moderatione,
1604 409 1723 445 quam

177 467 309 514 pauci
331 464 621 512 perviderunt,
654 464 727 501 secl
755 463 1020 501 historiarum
1054 473 1211 510 quoque
1244 465 1459 510 uarietate,
1486 474 1566 511 qua
1591 466 1722 502 scien-

186 533 243 568 tia
264 541 401 567 rerum
414 531 682 578 perspicitur,
694 533 918 576 praestare
944 529 1076 575 uideo,
1097 539 1202 575 quae
1224 527 1393 576 facilius
1414 530 1534 566 etiam
1559 531 1725 577 scriptis

186 598 266 633 tuis
295 597 483 643 perspici
511 599 657 642 potest,
698 595 936 632 desiderans
964 596 1106 642 polius
1136 595 1328 631 scientem
1361 604 1481 641 quam
1516 594 1724 632 liberalem

186 662 381 710 iudicem,
422 665 551 698 tamen
588 681 642 685 —
676 660 753 697 hoc
790 661 901 697 uelut
940 660 1168 697 rudimento
1206 661 1403 697 scientiae
1434 660 1546 696 nisus
1577 661 1726 708 scripsi

186 727 243 763 acl
267 731 314 772 te,
337 737 413 763 non
444 732 486 763 ut
513 727 697 773 imperito
725 730 954 762 monstrans
973 725 1047 762 sed
1065 730 1108 762 m
1126 726 1433 762 scientissimum
1462 734 1723 762 commonens.

187 791 259 828 fuit
292 792 413 840 igitur
440 791 720 839 grammaticus
749 795 784 827 et
813 790 890 828 iam
923 788 1107 827 uersibus
1134 788 1386 827 moderandis
1418 790 1442 826 i.
1471 800 1502 826 e.
1532 788 1724 828 faciendis

187 861 252 894 aut
291 855 338 894 ad
378 861 501 893 artem
541 854 757 893 tractandis
797 854 977 905 florebat„
1018 867 1107 893 cum
1140 853 1316 905 Hyginus
1356 853 1589 892 adulescens
1628 853 1724 893 illud

187 920 456 959 rudimentum
499 921 688 958 scientiae
729 932 822 958 suae
869 919 1123 958 scribendum
1168 920 1360 970 suscepit,
1406 931 1481 970 qua
1527 918 1573 958 de
1607 932 1725 958 causa

186 988 291 1024 inter
324 985 468 1024 Gellius
508 985 683 1036 aliosque
723 987 808 1024 eius
842 987 979 1024 aetatis
1013 987 1228 1036 scriptores
1262 985 1391 1023 locum
1431 997 1546 1023 suum
1578 984 1724 1024 hahere

186 1053 330 1103 potuit,
369 1051 446 1090 huc
479 1057 610 1089 autem
644 1063 693 1089 ne
726 1052 1010 1101 imperatorum
1044 1050 1138 1088 ordo
1172 1052 1543 1101 interrumperetur,
1577 1055 1724 1089 retrac-

185 1123 250 1155 tus
295 1122 365 1155 est.
417 1128 655 1167 quamquam
699 1128 794 1154 num
839 1117 997 1154 omnino
1041 1128 1131 1154 eum
1170 1121 1277 1154 recte
1316 1116 1537 1166 receperim
1577 1115 1723 1154 dubito.

186 1194 276 1221 nam
311 1184 429 1220 etiam
461 1181 637 1232 Hyginus
671 1194 786 1220 suum
820 1194 918 1233 opus
947 1179 1163 1220 ‘historias'
1192 1177 1343 1234 dicitl),
1370 1180 1418 1219 ad
1445 1181 1558 1219 cuius
1585 1181 1724 1219 simili-

186 1247 364 1286 tudinem
398 1244 622 1286 ‘uarietate'
657 1259 812 1298 quoque
847 1246 1040 1285 ducimur.

647 1455 890 1502 MARIVS
930 1454 1222 1502 MAXIMVS
1237 1451 1270 1508 ²)

306 1563 478 1601 Historia
507 1562 681 1601 Romana
715 1564 930 1601 centesimo
965 1575 1120 1613 quoque
1154 1574 1254 1600 anno
1290 1562 1441 1601 riuulos
1475 1562 1654 1602 diductos
1688 1569 1727 1602 et

188 1630 368 1668 sitientes
403 1634 441 1667 et
472 1640 597 1679 paene
625 1633 851 1666 arescentes
878 1627 1084 1678 collegisse
1113 1633 1151 1667 et
1177 1627 1524 1679 comprehendisse
1554 1627 1724 1679 uidetur,

188 1695 240 1732 ita
274 1699 406 1732 tamen
439 1698 483 1732 ut
515 1693 678 1732 collecta
712 1693 840 1732 denuo
875 1693 1172 1744 dispergeretur
1205 1698 1242 1732 et
1273 1698 1391 1744 prout
1421 1694 1626 1744 ingenium
1657 1707 1724 1745 po-

188 1759 287 1811 puli,
328 1761 385 1798 sic
425 1761 542 1798 etiam
579 1760 741 1810 scriptio
775 1764 1044 1797 euanesceret.
1095 1764 1184 1797 nata
1217 1764 1347 1797 autem
1379 1758 1445 1797 illa
1478 1764 1535 1798 est
1569 1759 1610 1797 in
1643 1759 1725 1798 solo

189 1826 404 1875 senatorio,
443 1830 691 1863 crescentem
730 1824 851 1863 coluit
888 1825 1121 1875 imperator,
1161 1825 1229 1875 qui
1268 1825 1301 1862 si
1333 1836 1404 1875 per
1436 1824 1595 1875 longum
1628 1830 1725 1863 tem-

188 1892 296 1941 poris
335 1891 505 1941 spatium
545 1895 584 1928 et
621 1891 834 1941 imperium
873 1889 1044 1928 obtinuit
1081 1895 1119 1928 et
1158 1895 1318 1928 senatus
1351 1891 1524 1941 speciem
1558 1890 1656 1928 fouit
1688 1895 1727 1929 et

188 1957 313 2006 auxit,
353 1968 438 1994 eam
471 1957 637 2006 gratiam
671 1956 838 2006 recepit,
870 1960 913 1993 ut
947 1960 1107 1993 senatus
1139 1954 1261 1993 libros
1294 1954 1340 1994 al]
1375 1957 1460 1994 eius
1493 1956 1630 1994 amicis
1661 1955 1726 1994 uel

189 2020 400 2059 clientibus
440 2022 678 2072 compositos
717 2022 949 2059 auctoritate
989 2033 1057 2059 sua
1097 2025 1276 2059 seruaret
1315 2026 1353 2059 et
1390 2021 1612 2072 posteritati
1647 2026 1726 2059 tra-

190 2086 312 2125 deret.
363 2092 406 2124 ut
443 2087 565 2136 igitur
603 2086 740 2124 Liuius
773 2085 846 2124 sub
885 2086 1051 2136 Augusti
1090 2087 1276 2137 auspiciis
1314 2086 1520 2124 historiam
1555 2087 1726 2137 scripsit,

189 2151 261 2190 suh
302 2151 470 2189 Traiano
506 2151 667 2190 Tacitus
706 2156 743 2189 et
777 2151 990 2189 Suetonius
1036 2163 1105 2189 suo
1151 2152 1318 2202 quisque
1357 2163 1520 2202 genere,
1561 2151 1614 2189 ita
1653 2150 1725 2189 sub

189 2216 409 2254 Alexandro
456 2216 603 2255 Seuero
648 2216 794 2255 Marius
833 2216 1025 2254 Maximus
1062 2218 1183 2267 uitas,
1223 2216 1382 2255 Cassius
1426 2216 1496 2254 Dio
1541 2216 1726 2255 historias

190 2283 352 2329 (Gesch.
375 2282 467 2320 Litt.
490 2283 572 2331 Ip.
594 2282 661 2320 94.
689 2282 777 2320 433
795 2283 911 2332 sqq.),
939 2294 1106 2332 quorum
1133 2281 1237 2332 quod
1270 2281 1334 2320 ille
1362 2281 1523 2320 Latinus
1550 2280 1597 2319 ad
1624 2282 1725 2320 uitas

190 2347 420 2385 scribendas
455 2346 670 2397 descendit,
703 2347 767 2385 hic
801 2346 973 2385 Graecus
1007 2346 1053 2385 ad
1087 2346 1190 2385 Liuii
1218 2348 1478 2385 imitationem
1506 2359 1547 2385 se
1575 2346 1726 2398 extulit,

312 2454 344 2493 1)
370 2449 385 2483 Ι
413 2453 455 2483 34
488 2451 549 2484 sed
581 2461 672 2494 qnae
698 2454 782 2493 post
807 2454 953 2484 'mortem
979 2451 1056 2484 eius
1082 2448 1257 2493 (Orionis)
1278 2450 1408 2483 Diana
1429 2450 1563 2492 jecerit,
1584 2450 1623 2483 in
1650 2451 1726 2483 eins

189 2503 351 2537 historiis
388 2504 555 2537 dicemus.
597 2514 625 2536 c.
649 2506 691 2537 3ss
724 2504 786 2537 sed
815 2503 1010 2547 (Procyon)
1043 2503 1154 2537 isdem
1193 2503 1360 2537 omnibus
1397 2503 1559 2537 historiis
1596 2503 1727 2547 quibus

188 2557 355 2599 superior
384 2556 495 2591 Canis
521 2560 797 2591 cwmmzcratmn

311 2612 343 2653 2)
371 2610 523 2644 Praeter
554 2609 681 2649 libros,
709 2620 801 2653 quos
829 2610 866 2643 in
896 2610 1018 2644 indice
1044 2610 1220 2643 uniuerso
1248 2609 1441 2653 proposui,
1470 2609 1530 2643 hic
1556 2609 1725 2644 nomino:

190 2662 214 2696 Ι.
239 2662 261 2696 Ῑ.
287 2662 441 2696 Mueller
474 2663 551 2697 Dm·
587 2663 947 2698 Geschichtschreiber
978 2665 1031 2698 M.
1062 2664 1116 2698 M.
1150 2663 1187 2696 in
1225 2662 1450 2706 Bnedingeri
1483 2662 1648 2703 Quaestt.
1675 2662 1726 2696 ΙΠ

191 2728 224 2759 p.
252 2719 422 2749 17—202.
451 2716 475 2749 I.
498 2715 597 2749 Plew
620 2718 674 2751 M.
699 2718 752 2751 M.
776 2718 830 2751 als
855 2717 989 2751 diret-te
1016 2729 1050 2751 u.
1071 2717 1248 2751 instit-elsio
1271 2715 1391 2759 Quclle
1411 2716 1474 2750 der
1493 2716 1622 2759 Script.
1643 2717 1724 2750 lei-st.

192 2770 287 2813 Auy.
315 2768 440 2811 l’rogr.
464 2770 614 2813 Argent.
640 2773 739 2803 1878.
769 2770 808 2803 G.
832 2770 976 2814 Tropea
1003 2770 1112 2805 Stmli
1135 2769 1234 2814 suffli
1257 2769 1331 2804 Ser.
1352 2770 1384 2803 h.
1407 2770 1452 2803 A.
1475 2770 1552 2802 III.
1590 2770 1644 2804 M.
1669 2770 1723 2804 M.

192 2823 271 2855 uitri
298 2834 314 2855 c
339 2823 552 2864 frammenti
577 2822 753 2866 (Μή-351113
782 2824 896 2866 1899),
