1842 3133
232 111 291 140 χῃ
557 96 616 130 ΗΕ
645 96 947 130 scan't'OltVM
979 95 1101 129 vrrls
1130 95 1188 128 ET
1216 95 1425 129 SCRIPTIS

229 211 279 247 ita
319 208 590 258 amplificatur,
630 213 671 246 ut
711 209 823 246 cuius
863 209 980 245 etiam
1019 207 1084 244 alii
1123 207 1336 257 participes
1376 206 1546 257 suerunt,
1584 206 1632 245 ad
1670 219 1759 245 eum

229 274 353 312 solum
390 274 583 311 reseratur
616 279 731 323 atque
766 278 801 311 et
831 277 935 310 totus
963 284 1150 310 excessus
1178 271 1366 310 Catilinae
1394 271 1510 310 cardo
1538 273 1577 310 in
1606 284 1650 310 eo
1678 271 1759 310 solo

231 345 396 390 ponatur
429 341 480 380 (c.
506 340 577 385 16)
613 333 722 390 (cum
757 337 965 376 Sallustius
1004 337 1100 375 haec
1139 342 1299 376 senatus
1340 336 1496 376 decreto
1536 338 1633 376 sacta
1673 349 1759 376 esse

230 405 365 449 tradat,
399 400 542 457 1:30),
576 409 611 441 et
647 404 859 441 maximum
893 408 1132 441 momentum
1168 402 1215 441 ad
1248 402 1435 441 Catilinae
1475 404 1602 441 socios
1635 407 1759 441 morte

230 469 450 508 multandos
484 471 570 507 eius
603 470 726 506 oratio
760 468 897 507 haheat
933 470 985 514 (c.
1010 469 1096 515 21).
1149 467 1317 519 denique
1351 480 1399 506 ne
1435 467 1472 506 di
1505 468 1664 519 quidem
1699 469 1759 506 Ci-

229 537 362 573 ceroni
410 534 566 584 desunt,
612 535 679 584 qui
719 533 887 572 terribili
927 539 1056 572 terrae
1095 538 1220 584 motu,
1264 533 1511 585 fulminibus,
1556 535 1760 573 nocturnis

230 602 364 638 formis
391 600 586 638 Romanos
614 599 835 649 admonent,
863 612 952 637 culn
974 599 1141 637 Catilina
1168 599 1414 637 consulatum
1441 604 1595 650 peteret
1616 601 1669 647 (c.
1692 600 1759 649 14,

229 665 267 704 ἰ(1
300 665 402 716 quod
435 665 598 703 uberius
627 666 764 702 tlicero
798 666 836 703 in
864 670 1042 715 poemate
1071 677 1141 703 suo
1170 664 1215 703 de
1244 664 1393 703 consul.
1426 670 1659 716 persecutus
1690 670 1760 716 est,

229 734 278 770 (le
311 733 390 769 diu.
423 732 445 769 I
477 731 539 779 ll,
570 731 634 768 17.
677 730 728 779 cf.
756 734 795 769 in
836 732 917 769 Cat.
948 731 1021 769 III
1048 730 1086 780 8,
1108 730 1174 769 18.
1221 731 1326 769 Cass.
1350 732 1426 769 Dio
1453 732 1521 779 37,
1543 731 1610 781 25,
1631 731 1688 779 2),
1723 737 1761 770 et

228 798 419 848 patefacta
453 797 723 835 coniuratione
758 795 936 846 prodigio
971 795 1172 834 consulem
1208 795 1449 834 dubitantem
1483 809 1553 847 per
1584 797 1761 847 uirgines

228 862 402 901 Vestales
442 867 480 900 et
518 862 698 912 Egeriam
739 862 973 900 contirmant
1006 864 1057 908 (c.
1082 863 1166 909 ⁶20).
1211 874 1447 912 quamquam
1487 863 1525 900 in
1565 862 1637 901 hac
1677 863 1759 913 ipsa

230 941 269 966 re
305 929 402 965 inest
441 927 649 965 difticultas
683 926 886 978 quaedam.
949 940 1039 965 nam
1079 927 1183 978 quod
1223 932 1304 965 tum
1345 927 1484 965 accidit
1525 927 1760 978 prodigium,

229 1006 318 1032 cum
358 993 461 1031 domi
496 992 675 1031 Caesaris
709 992 838 1031 Bonae
870 992 972 1031 Deae
1012 1005 1122 1031 sacra
1162 993 1302 1031 tierent
1335 1015 1389 1019 —
1423 998 1467 1031 ut
1499 1005 1544 1031 ex
1578 994 1674 1044 ipsis
1707 994 1759 1031 ci-

229 1058 391 1098 neribus
419 1058 572 1097 flamma
595 1058 724 1096 subito
746 1063 967 1108 emergeret
990 1081 1043 1085 —-
1066 1058 1230 1096 Seruius
1253 1060 1328 1104 (ad
1350 1059 1463 1107 Vergs.
1485 1060 1573 1097 buc.
1594 1058 1632 1106 8,
1654 1059 1758 1106 105)

230 1126 461 1163 Ciceronem
495 1123 695 1162 consulem
730 1124 906 1162 futurum
940 1136 1028 1162 esse
1062 1123 1101 1162 id
1139 1125 1253 1162 uxori
1291 1123 1511 1162 ostendisse
1550 1125 1662 1162 testis
1702 1129 1758 1163 est

229 1191 460 1229 anctoritate
487 1190 612 1240 ipsius
639 1191 831 1240 poematis
858 1202 972 1241 usus3
1005 1194 1041 1227 at
1069 1201 1164 1227 uero
1199 1190 1316 1227 etiam
1345 1189 1410 1227 hic
1437 1202 1526 1228 cum
1551 1189 1759 1228 Plutarcho

230 1257 425 1294 consentit
450 1255 520 1293 Dio
549 1256 636 1305 (37,
657 1256 726 1303 35,
747 1256 806 1306 4),
832 1260 876 1293 ut
902 1254 1151 1293 scholiastam
1184 1254 1294 1293 illum
1328 1267 1417 1293 cum
1450 1256 1489 1293 in
1517 1254 1651 1294 multis
1678 1260 1759 1294 tum

230 1323 269 1360 in
302 1321 372 1360 har
406 1333 447 1359 re
481 1333 635 1359 errasse
670 1320 921 1359 statuendum
955 1321 1005 1359 sit
1038 1326 1073 1359 et
1109 1326 1215 1358 recto
1248 1320 1332 1359 loco
1359 1320 1577 1359 secundum
1605 1320 1759 1359 Cicero-

228 1400 319 1426 nem
364 1386 585 1438 prodigium
629 1400 647 1424 a
690 1386 898 1425 Plutarcho
946 1391 983 1425 et
1026 1385 1148 1424 Dione
1195 1390 1396 1425 narratum
1443 1398 1529 1425 esse
1575 1391 1761 1438 sequatur

230 1454 429 1494 (Bm-escle
463 1455 485 1491 l.
512 1466 541 1490 s.
565 1466 608 1502 J).
639 1452 753 1499 226).

349 1524 412 1562 Est
455 1536 547 1562 sane
586 1536 682 1562 uere
714 1523 810 1562 illud
844 1523 991 1562 dictum
1024 1523 1223 1562 Plutarchi
1257 1524 1494 1561 narrationis
1527 1522 1759 1562 moderatio-

229 1602 318 1628 nem
358 1589 404 1627 ah
444 1590 665 1639 arrogantia
698 1589 875 1627 Tulliana
909 1588 1138 1627 abhorrere:
1175 1594 1212 1626 at
1239 1588 1332 1639 quid
1359 1588 1521 1639 inpedit,
1549 1590 1759 1640 quominus

228 1655 329 1694 hanc
368 1654 413 1693 ab
448 1657 532 1706 ipso
565 1654 779 1705 biographo
813 1654 1029 1693 abstersam
1064 1666 1150 1693 esse
1184 1652 1448 1693 censeamus?
1489 1654 1528 1692 id
1561 1654 1664 1705 quod
1696 1655 1758 1693 uel

230 1733 272 1759 ea
314 1720 359 1759 de
401 1733 517 1759 causa
551 1721 586 1758 ei
625 1719 848 1759 faciendum
888 1720 976 1770 fuit,
1010 1726 1053 1759 ut
1084 1732 1155 1771 per
1187 1724 1307 1758 totam
1340 1721 1460 1758 uitam
1495 1720 1663 1759 eundem
1697 1733 1758 1759 co·

230 1786 352 1824 lorem
386 1782 618 1839 seruaret.1)
1239 1796 1242 1799 ·

347 1857 474 1895 Etiam
509 1870 528 1895 a
562 1857 791 1895 Sallustio
830 1858 933 1896 hunc
973 1858 1299 1895 commentarium
1333 1863 1370 1895 et
1409 1856 1595 1895 anecdota
1635 1859 1685 1895 ita
1721 1858 1757 1895 in

231 1936 344 1961 usum
374 1928 511 1961 uocata
544 1935 630 1961 esse
663 1935 790 1973 nuper
822 1922 889 1960 Ed.
918 1922 1114 1961 Schwartz
1142 1923 1294 1969 (Herm.
1316 1923 1371 1960 3⁴2
1395 1935 1438 1972 p.
1461 1922 1565 1969 531)
1599 1928 1758 1960 conten-

232 1988 297 2038 dit,
330 1994 371 2026 ut
406 1989 509 2039 ipsas
537 2000 601 2026 res
628 2001 674 2027 ex
702 1990 759 2026 eis
786 1994 961 2039 sumptas
995 2000 1064 2026 suo
1099 1987 1161 2025 tilo
1195 1993 1435 2038 contexeret,
1468 1989 1491 2026 i.
1514 2000 1545 2026 e.
1574 1987 1758 2039 quemad-

232 2053 388 2092 modum
429 2055 510 2092 suis
548 2054 726 2105 partibus
765 2053 986 2092 conducere
1021 2053 1290 2103 arhitra1·etm·,
1327 2053 1553 2104 disponeret
1586 2058 1625 2092 et
1656 2053 1757 2092 redi-

231 2126 341 2167 geret.
379 2125 494 2171 atque
528 2132 596 2158 sua
636 2119 836 2158 scribendi
874 2124 957 2157 arte
995 2118 1227 2170 perpoli1·et;
1266 2118 1304 2156 id
1346 2118 1449 2169 quod
1488 2118 1758 2157 uerisimilitu-

232 2184 320 2222 dine
354 2184 519 2236 quadam
547 2197 624 2223 non
652 2190 769 2223 caret.
809 2197 898 2223 nam
927 2184 1018 2223 dum
1046 2184 1151 2222 solus
1179 2184 1484 2222 commentarius
1512 2185 1551 2221 in
1578 2183 1758 2222 manibus

352 2346 385 2385 1)
412 2340 512 2375 citat
543 2340 765 2374 Plutarchus·
798 2339 1010 2375 Ciceronem
1043 2340 1087 2374 de
1120 2340 1295 2373 Terentia
1327 2339 1364 2373 in
1400 2340 1615 2384 parenthesi
1642 2350 1670 2373 c.
1693 2343 1756 2375 20:

232 2394 293 2428 καὶ
322 2393 390 2438 γὰρ
418 2392 499 2428 οὐδ’
525 2393 640 2433 ἄλλως
667 2390 710 2438 ἦν
737 2393 873 2442 πρᾳεῖά
899 2407 954 2433 τις
979 2391 1061 2429 οὐδ’
1087 2393 1242 2437 ἄτολμος
1266 2393 1334 2437 τὴν
1360 2393 1473 2437 φύσιν
1500 2392 1590 2427 ἀλλὰ
1617 2392 1757 2437 φιλότι-

232 2461 298 2491 μος
324 2447 414 2492 γυνὴ
442 2447 501 2481 καὶ
537 2449 685 2491 μᾶλλον,
717 2447 765 2486 ὡς
796 2445 908 2487 αὐτός
934 2458 1048 2491 φησιν
1076 2446 1094 2480 ὁ
1122 2444 1300 2489 Κικέρων,
1328 2452 1401 2481 τῶν
1426 2449 1626 2481 πολιτικῶν
1652 2460 1758 2490 μετοι-

232 2500 469 2546 λαμβάνουσα
501 2499 587 2543 παρ’
618 2499 760 2534 ἐκείνου
795 2499 1005 2544 φροντίδων
1032 2499 1052 2544 ἢ
1073 2502 1321 2544 μεταδιδοῦσα
1346 2506 1420 2534 τῶν
1446 2500 1642 2535 οἰκειακῶν
1669 2498 1757 2535 ἑκεί-

233 2568 293 2600 νφ.
334 2554 425 2588 haec
451 2556 575 2588 tamen
601 2565 667 2588 nec
694 2554 731 2587 in
759 2553 1034 2588 commentariis
1060 2564 1127 2587 nec
1153 2553 1191 2587 in
1219 2553 1409 2588 anecdotis
1436 2553 1596 2588 scribere
1624 2554 1755 2598 potuit.

233 2608 305 2641 Leo
334 2608 458 2651 Bao-qr.
477 2619 513 2651 p.
536 2610 692 2651 16:23qq.
714 2607 956 2641 Plutarchum
980 2607 1054 2641 alio
1081 2608 1243 2650 auctore,
1270 2606 1333 2651 qui
1361 2607 1544 2650 Tironem,
1564 2607 1757 2641 minimum

233 2661 344 2694 etiam
374 2659 488 2694 alium
515 2659 701 2694 Ciceronis
727 2661 829 2694 uitae
857 2661 1092 2705 scriptorem,
1118 2662 1198 2694 tum
1224 2660 1341 2704 ipsius
1369 2660 1653 2694 commentarios
1680 2660 1755 2704 epi-

233 2712 424 2756 stulasque
451 2716 563 2756 atque
592 2724 713 2747 rerum
740 2713 938 2757 scriptores
971 2714 1272 2756 contaminasset,
1305 2725 1411 2747 usum
1438 2723 1516 2747 esse
1542 2712 1671 2747 uoluit.
1718 2714 1758 2747 at

234 2766 318 2799 uide
347 2767 592 2810 Jje¹e·lz'›c.11}11'l.
622 2768 860 2802 tt'oeleenselzr.
886 2771 979 2801 1903
1004 2779 1030 2802 c.
1055 2771 1150 2801 1090·
1163 2779 1234 2811 sqq.
