1842 3133
690 96 1000 129 rENEsTELLA
1535 97 1607 125 (¹)(I

80 208 244 246 (lucilius
279 205 464 247 l'ecisset’.
500 205 603 258 ‘quis
639 208 788 257 primus
823 206 1007 244 Romanis
1042 207 1305 257 persuasisset
1343 218 1484 244 nauem
1519 218 1609 243 eou-

78 271 296 323 scendere’,
331 274 418 323 quis
447 274 597 323 prinms
631 273 669 310 in
704 273 808 309 circo
843 271 975 309 leones
1010 271 1158 309 solutos
1193 270 1377 321 (ledisset,
1411 272 1498 321 quis
1533 270 1609 309 ele-

77 338 310 388 phantorum
352 338 561 376 multorum
603 350 772 388 pugnam
813 342 847 375 ct
890 350 988 387 quae
1029 343 1116 374 sunt
1165 336 1320 374 simiIIa.
1373 335 1440 374 sed
1487 336 1609 374 Fene-

76 403 224 442 stellam
272 404 388 441 etiam
434 404 605 440 nominat
655 415 713 453 cp.
742 401 857 440 XVIII
887 400 912 440 ἴ)
942 397 1067 454 (108)
1096 399 1149 439 31
1187 402 1256 451 (fr.
1281 403 1338 450 (i),
1385 401 1450 439 111ιί
1497 401 1609 439 aliter

75 469 276 506 Ciceronis
311 467 356 505 de
393 480 431 505 re
465 467 620 518 publica
655 467 774 504 libros
808 467 882 517 legi
917 479 936 504 a
970 466 1183 517 philologo,
1218 468 1489 514 grammatico,
1524 466 1607 516 phi-

77 533 234 584 losopho
268 533 426 571 disserit
459 534 644 583 ponitque
687 532 795 570 illum
840 533 877 569 in
917 531 1205 582 pltilologorum
1245 544 1422 569 numero.
1475 537 1607 569 eontra

74 599 240 636 Asconio
270 594 545 651 (3s'756—88
575 596 680 649 841)
710 598 921 648 primarius
949 603 1084 635 auctor
1112 597 1184 634 suit
1216 598 1255 634 in
1290 598 1490 635 Ciceronis
1524 609 1608 634 ora-

77 663 247 701 tionibus
280 663 520 714 explicandis
549 675 676 713 neque
706 662 943 700 luculentius
972 663 1239 700 testimonium
1269 663 1353 700 eius
1385 662 1608 712 diligentiae

74 741 158 766 esse
195 734 331 779 potest,
365 729 544 778 quamuis
578 740 693 778 saepe
728 729 765 764 iu
801 740 888 765 eum
924 728 1105 765 inuectus
1139 728 1200 777 sit,
1239 739 1313 764 non
1350 740 1506 777 semper
1539 740 1608 764 suo

74 796 158 832 Iure
194 795 413 840 (illercklt'n
441 806 483 842 J).
512 796 570 840 9).

194 858 378 897 Eiusdem
424 864 553 897 autem
599 870 715 896 rurae
763 859 836 896 l'uit
880 863 1004 896 artem
1046 858 1223 896 criticam
1264 870 1449 895 exercere
1478 858 1548 908 (fr.
1571 858 1607 895 9.

76 925 126 973 (γ’.
152 926 185 962 7.
209 925 294 973 19),
316 925 540 974 scriptores,
564 936 607 961 ex
631 923 774 974 quibus
797 923 983 973 hauserit,
1005 924 1236 961 nominatim
1259 922 1388 973 edere,
1410 924 1442 961 si
1464 929 1607 973 posset,

77 995 194 1028 testes
216 989 387 1027 oculatos
410 991 588 1040 prolerre
606 989 675 1038 (fr.
693 989 779 1039 15),
798 1001 885 1026 cum
909 987 1090 1038 Graecos,
1111 988 1229 1026 huius
1251 988 1471 1026 litterarum
1493 1001 1608 1038 gene-

76 1056 128 1092 ris
150 1056 389 1104 iuuenum-es,
411 1055 635 1092 imitaretur
656 1054 726 1103 (es.
747 1067 833 1103 sust.
858 1058 941 1103 (fill),
967 1066 1065 1104 quos
1086 1059 1278 1103 auctores,
1301 1055 1367 1104 qui
1389 1053 1608 1091 Fenestella

75 1125 291 1169 uterentur,
325 1125 367 1157 ut
400 1119 576 1157 doctrina
610 1118 885 1169 gloriarentur,
919 1118 1021 1157 haud
1057 1131 1143 1156 raro
1171 1131 1217 1156 ex
1246 1131 1290 1157 eo
1323 1118 1609 1157 transtulerunt

76 1186 145 1234 (fr.
168 1185 228 1223 18.
251 1187 343 1223 mlle.
360 1187 397 1223 3.
415 1186 451 1222 4.
469 1186 505 1223 6.
522 1185 579 1231 8).
613 1184 780 1235 plurima
809 1185 975 1234 uestigia
1003 1183 1048 1222 al)
1071 1197 1115 1221 eo
1139 1183 1287 1222 ducunt
1314 1183 1360 1222 ad
1382 1183 1607 1222 Varronem.

193 1249 369 1300 Denique
403 1251 561 1288 omnino
596 1251 704 1300 copia
739 1255 777 1287 et
810 1250 981 1287 uarietas
1022 1251 1207 1287 materiae
1248 1250 1521 1300 sermonisque
1556 1251 1608 1287 ie-

76 1317 218 1353 iunitas
252 1316 322 1364 (fr.
353 1316 425 1362 21)
466 1327 555 1353 cum
595 1314 696 1353 Liuii
731 1314 922 1365 elegantia
962 1314 1219 1365 ubertateque
1254 1320 1292 1352 et
1325 1320 1406 1352 arte
1440 1316 1608 1353 oratoria

76 1380 334 1431 discrepabat,
367 1380 406 1418 id
434 1380 536 1431 quod
564 1379 838 1430 Fenestellam,
867 1381 1051 1430 quoniam
1080 1379 1143 1417 ille
1172 1379 1314 1418 librum
1344 1392 1489 1418 nonum
1521 1386 1608 1418 ante

75 1458 218 1484 annum
252 1443 421 1497 ‘20s734
455 1445 693 1495 absoluerm,
735 1446 868 1495 sugere
907 1457 983 1483 non
1017 1447 1153 1495 potuit.
1207 1451 1372 1495 uterque
1407 1450 1536 1483 autem
1571 1445 1608 1482 id

75 1512 278 1561 spectauit,
321 1516 363 1549 ut
403 1523 466 1549 res
498 1510 692 1549 Romanas
729 1510 775 1548 ab
809 1512 961 1559 origine
996 1507 1212 1564 Romanas)
1247 1523 1371 1561 usque
1413 1509 1459 1548 ad
1499 1523 1608 1548 suam

75 1582 240 1614 aetatem
283 1581 602 1627 persequeretur.
655 1577 876 1626 quaeritur,
916 1581 1047 1614 utrum
1089 1575 1298 1614 libertinus
1337 1588 1549 1625 seruusue,
1590 1590 1607 1613 a

75 1654 151 1691 quo
184 1641 321 1679 ordine
356 1643 563 1679 curiositas
598 1647 679 1679 tum
714 1643 881 1679 maxime
916 1640 1128 1691 colebatur,
1163 1641 1346 1679 inuidens
1381 1642 1506 1679 fauori
1534 1642 1608 1679 Au-

75 1708 190 1756 gusti,
224 1719 299 1757 quo
331 1706 464 1744 Liuius
498 1706 673 1756 florebat,
707 1708 819 1757 quasi
850 1708 888 1744 in
917 1712 1117 1744 certamen
1147 1706 1386 1745 descendere
1415 1706 1609 1757 maluerit,

76 1784 123 1809 an
156 1778 195 1810 ut
225 1773 421 1810 crescenti
449 1771 503 1809 illi
531 1771 660 1810 studio
688 1773 870 1821 seruiret,
897 1784 995 1822 opus
1023 1772 1231 1810 Liuianum
1259 1772 1456 1823 supplere.
1501 1777 1607 1809 certe

76 1838 160 1875 eius
181 1838 368 1875 minutiae
396 1837 608 1875 multorum
637 1839 874 1887 scriptorum
904 1838 1124 1875 curiositati
1150 1837 1395 1887 placuerunt,
1422 1842 1461 1875 ut
1491 1838 1607 1875 etiam

76 1903 267 1952 epitomae
313 1901 423 1940 libris
470 1903 674 1940 minimum
720 1902 870 1940 duobus
916 1899 1261 1955 conticerenturst's)
1324 1915 1412 1940 nam
1456 1903 1609 1940 etiamsi

77 1968 383 2017 fragmentorum
424 1980 612 2005 numerus
651 1967 752 2005 ultra
793 1969 1036 2006 tricesimum
1071 1980 1148 2005 11011
1184 1967 1348 2017 excedit,
1382 1967 1607 2018 quindecim

77 2038 204 2070 tamen
245 2034 458 2083 scriptores
498 2045 586 2071 eum
627 2034 866 2083 citauerunt,
906 2032 1084 2083 plerique
1130 2033 1296 2083 singulis
1343 2032 1438 2070 loeis
1480 2045 1608 2083 neque

76 2102 205 2148 potest
253 2097 411 2136 decerni
457 2099 616 2136 maioris
666 2110 801 2136 eorum
847 2099 970 2149 partis
1018 2099 1233 2148 fragmenta
1279 2111 1322 2136 ex
1363 2111 1441 2136 11110
1479 2097 1607 2148 aliquo

78 2164 181 2201 sonte
209 2164 400 2212 originem
430 2163 585 2202 ducere.
628 2163 799 2201 Senecae
828 2163 986 2214 quidem
1016 2165 1099 2214 ipse
1128 2168 1243 2201 notus
1270 2169 1364 2213 erat,
1393 2165 1459 2214 qui
1488 2163 1606 2202 semel

77 2241 165 2266 eum
192 2229 407 2266 nominauit
431 2228 501 2277 (fr.
525 2230 581 2277 (5),
604 2241 679 2266 non
708 2230 838 2267 minus
864 2228 1003 2278 Plinio,
1032 2230 1099 2279 qui
1126 2241 1192 2266 sex
1218 2228 1329 2266 libris
1354 2230 1437 2270 (xv.
1466 2242 1606 2266 XXXIII.

77 2382 173 2415 sitan
201 2393 244 2416 ex
277 2393 319 2417 eo
351 2382 512 2427 repetita
539 2383 589 2417 sit
614 2383 888 2427 aduersataque
915 2386 1039 2427 (natus
1060 2384 1247 2418 Fabianus
1275 2386 1354 2418 erat
1374 2383 1472 2418 inter
1492 2395 1607 2418 annos

78 2439 119 2468 39
137 2436 419 2481 ”715-34Ἀ’Τ-20)
446 2436 519 2480 ipsi
540 2436 770 2471 Fenestellae
796 2437 951 2471 uiuenti.
1001 2438 1209 2472 Geseha'chtl.
1233 2438 1321 2472 Litt.
1344 2438 1369 2471 I
1389 2449 1424 2481 p.
1448 2441 1578 2481 1163q;

198 2491 229 2526 1)
257 2488 391 2522 Nescio
418 2501 492 2533 qua
519 2500 632 2524 causa
658 2489 833 2524 inductus
862 2490 1017 2535 Maduig
1043 2491 1101 2525 De
1128 2491 1209 2524 Asc.
1233 2491 1317 2524 Peri.
1346 2503 1379 2535 p.
1403 2495 1446 2524 64
1477 2501 1558 2524 eum
1586 2503 1607 2524 a

77 2541 186 2576 bellis
212 2541 362 2575 Punicis
388 2542 571 2587 incepisse
598 2543 773 2587 posuerit.

198 2597 231 2638 ’2)
259 2595 334 2628 Has
368 2595 549 2640 epitomas
583 2596 830 2630 Fenestellam
865 2608 908 2630 ex
942 2596 1099 2630 aliorum
1132 2596 1237 2630 uelut
1270 2596 1382 2640 Oppii
1415 2600 1606 2631 auctorum

79 2647 184 2681 libris
212 2648 438 2692 excerpsisse
466 2649 654 2683 Soltauius
682 2649 827 2684 censuit
860 2650 1013 2687 (Livius’
1042 2649 1152 2683 XXII.
1176 2648 1277 2682 Buch
1312 2650 1386 2683 und
1420 2650 1605 2684 Plutarch.

80 2701 202 2746 Progr.
230 2713 352 2745 gyrnn.
381 2702 538 2736 Tabern.
571 2706 659 2735 1895
685 2715 718 2747 p.
746 2708 818 2747 151¹?
855 2703 906 2736 sie
946 2706 1070 2736 tamen
1104 2702 1313 2736 addidisset
1346 2703 1605 2737 auctoritatem

79 2754 253 2788 alienam.
