1842 3133
261 114 397 144 CCVIII
590 113 650 147 DE
678 112 983 148 SCRIPTORVM
1016 114 1136 149 VITIS
1163 114 1224 148 ET
1253 114 1461 151 SCRIPTIS

259 237 425 276 quorum
460 224 589 263 indice
623 226 860 275 nominatur,
900 227 1125 277 sumpserit,
1158 227 1396 277 ignoramus,
1452 233 1628 279 tempore
1661 235 1790 268 autem

258 289 372 341 paulo
413 302 502 328 eum
535 291 795 328 antecessisse
830 296 868 329 et
899 296 987 342 post
1026 304 1123 342 opus
1157 291 1379 331 absolutum
1412 293 1452 331 in
1486 294 1571 332 eius
1604 295 1791 345 cognitio-

259 368 347 394 nem
381 356 537 393 uenisse
571 355 741 394 uidetur.
793 356 1055 407 fragmentum
1095 356 1254 408 quidem
1293 357 1389 397 illud
1428 363 1606 398 tenorem
1639 361 1791 411 exposi-

260 422 380 459 tionis
407 421 663 472 interrumpit
690 433 911 473 nomenque
940 423 979 460 in
1013 422 1210 461 indicibus
1237 435 1315 461 non
1343 423 1468 462 solum
1502 423 1594 462 libri
1626 426 1794 477 septimi,

258 485 326 524 ubi
358 487 476 524 etiam
510 488 550 524 in
584 492 768 525 contextu
802 493 890 526 ante
917 487 1130 526 Varronem
1165 500 1302 539 agmen
1340 494 1545 528 auctorum
1584 491 1791 529 citatorum

259 551 421 602 claudit,
471 551 539 591 sed
590 554 707 591 etiam
760 552 950 592 librorum
995 563 1139 592 XXXIV
1186 559 1225 592 et
1267 563 1394 593 XXXV
1439 554 1618 594 ultimum
1665 555 1793 595 locum

258 617 409 656 obtinet.
444 619 468 665 (
471 618 629 657 Urlichs
672 619 1012 668 Ouellenreye'sler
1048 632 1085 666 ρ.
1112 620 1167 658 12
1190 632 1245 668 sq.
1293 621 1494 659 Muenzer
1522 633 1566 670 p.
1591 621 1678 660 353
1702 624 1792 671 sq.)

259 688 435 721 ceterum
481 683 584 734 quod
625 683 670 723 de
709 683 793 722 loco
825 685 944 735 primi
983 684 1116 723 solarii
1154 684 1318 723 Romani
1351 685 1516 725 Vestalis
1554 685 1792 738 prodiderat,

258 749 375 786 etiam
409 748 616 787 Censorini
656 751 808 788 auctori
847 755 982 788 notum
1022 751 1095 789 suit
1127 752 1229 798 (uid.
1257 752 1426 801 adnot),
1466 753 1539 790 etsi
1578 751 1624 790 ab
1658 764 1702 790 eo
1735 753 1793 790 in-

259 820 437 865 spectum
471 827 560 853 eum
594 816 722 866 ipsum
758 828 844 854 esse
879 828 1034 854 sumere
1068 815 1261 855 nolumus.

377 879 666 919 Deculonem
699 881 771 920 sub
804 882 1042 932 imperatore
1069 881 1227 920 Tiberio
1262 883 1470 933 scripsisse
1505 895 1551 921 ex
1578 884 1664 934 ipso
1691 884 1791 934 frag-

259 951 390 984 mento
419 945 558 997 elucet,
584 952 742 997 praeter
768 946 872 998 quod
898 960 1013 986 usum
1042 960 1086 986 eo
1115 960 1201 986 esse
1227 947 1398 986 Plinium
1426 949 1542 987 etiam
1569 949 1609 986 in
1636 947 1736 987 libro
1762 958 1792 987 X

258 1010 388 1050 indice
423 1011 624 1063 discimus,
657 1012 728 1051 sed
761 1012 903 1064 quibus
936 1012 1032 1052 locis
1065 1014 1223 1052 omnino
1256 1014 1452 1052 incertum
1486 1019 1546 1052 est
1572 1008 1794 1067 (Muenzer

250 1090 294 1126 p.
317 1078 405 1115 400
423 1079 512 1126 sq).

378 1141 595 1181 Cornelii
627 1142 870 1182 Valeriani
908 1145 1040 1195 operis
1079 1144 1243 1183 formam
1281 1144 1424 1183 clarius
1457 1146 1678 1196 exprimere
1712 1147 1793 1184 aori

258 1209 469 1259 sagacitate
496 1208 682 1247 Muenzer
697 1222 742 1258 p.
764 1209 1000 1248 370—384
1027 1209 1187 1248 studuit.
1234 1211 1370 1249 citauit
1396 1211 1501 1249 enim
1529 1223 1619 1249 eum
1642 1210 1792 1250 Plinius

259 1275 297 1312 in
331 1273 529 1313 indicibus
562 1273 755 1313 librorum
781 1284 876 1313 V111.
903 1284 944 1314 X.
972 1285 1063 1314 XIV.
1090 1285 1152 1313 XV
1186 1281 1302 1326 atque
1335 1277 1375 1314 in
1407 1277 1502 1327 ipsis
1535 1275 1647 1314 libris
1674 1285 1704 1314 X
1725 1274 1790 1328 (5)

259 1345 293 1378 et
328 1349 407 1377 XIV
436 1340 542 1387 (II).
591 1341 832 1391 argumentis
865 1353 943 1379 non
976 1340 1142 1380 multum
1174 1340 1335 1380 uidetur
1367 1354 1387 1379 a
1414 1341 1564 1380 Vestale
1598 1347 1638 1380 et
1668 1341 1791 1380 Decu-

258 1405 345 1443 lone
391 1405 643 1444 abhorruisse
689 1411 744 1457 et,
790 1411 833 1445 ut
876 1405 1085 1445 Muenzero
1132 1406 1304 1445 Senecae
1357 1406 1403 1446 de
1448 1406 1642 1446 breuitate
1687 1408 1791 1446 uitae

258 1485 289 1508 c.
321 1468 386 1522 13,
413 1467 439 1508 3
473 1472 559 1518 (his
597 1473 738 1511 diebus
776 1474 921 1511 [tuddul
960 1474 1159 1521 quendam
1197 1473 1456 1522 referentem,
1501 1485 1604 1521 quae
1631 1475 1793 1522 primus

258 1539 426 1585 quisque
464 1550 516 1575 ear
555 1537 750 1576 Romanis
789 1539 959 1577 ducibus
987 1538 1188 1590 fecisset);
1232 1536 1275 1591 63
1310 1535 1333 1576 8
1375 1539 1617 1589 comparanti
1654 1537 1792 1589 placet,

258 1615 289 1640 a.
311 1599 709 1655 47s'800—48J801
742 1604 982 1654 exposuisse,
1011 1601 1125 1654 ‘quae
1152 1604 1304 1654 primus
1331 1605 1498 1655 quisque
1533 1616 1578 1642 ex
1605 1603 1791 1642 Romanis

259 1666 424 1706 ducibus
458 1666 646 1719 fecisset’,
675 1674 781 1707 certe
808 1674 896 1720 post
923 1683 953 1707 a.
977 1666 1146 1721 36s789
1174 1681 1238 1708 res
1265 1670 1453 1708 memoria
1481 1668 1628 1720 dignas,
1656 1668 1792 1720 quales

259 1732 442 1783 colligere
482 1739 565 1772 tum
604 1735 644 1772 in
683 1746 792 1772 more
832 1741 932 1785 erat,
967 1735 1213 1786 conscripsit.
1259 1747 1357 1785 quae
1390 1740 1548 1785 praeter
1581 1733 1656 1773 duo
1691 1734 1790 1785 frag-

259 1804 389 1837 menta
430 1813 449 1837 a
495 1798 609 1837 nobis
654 1805 807 1838 enotata
854 1812 900 1838 ex
946 1799 1070 1838 Plinio
1117 1806 1153 1838 et
1196 1800 1346 1838 Seneca
1386 1799 1570 1839 Muenzer
1615 1799 1661 1838 ad
1701 1812 1789 1838 eum

259 1864 466 1915 rettulerit,
499 1877 740 1916 persequere
774 1864 876 1916 apud
908 1867 1049 1916 ipsum.
1062 1862 1093 1920 ¹)

376 1929 941 1981 Pescennium-Festum,
981 1932 1048 1982 qui
1087 1936 1244 1982 praeter
1280 1930 1472 1969 Lactantii
1510 1930 1638 1969 locum
1677 1930 1790 1969 nobis

256 1996 413 2045 ignotus
447 2002 522 2046 est,
557 2008 576 2033 a
609 1995 812 2034 Rohdenio
840 1997 1024 2046 (Prosop.
1048 1997 1123 2035 III
1140 2010 1184 2046 p.
1212 1997 1268 2034 24
1301 2010 1337 2035 η.
1367 1996 1470 2044 181)
1505 2008 1591 2034 eum
1627 2008 1689 2047 eo,
1723 1997 1790 2047 qui

257 2075 275 2098 a
316 2060 505 2112 Septimio
546 2062 693 2100 Seuero
733 2063 887 2100 occisus
927 2067 1003 2112 est,
1043 2063 1269 2100 coniectura
1308 2063 1533 2111 confusum,
1573 2073 1666 2100 num
1699 2062 1785 2100 iure

257 2127 295 2163 in
330 2138 539 2165 numerum
572 2132 751 2166 nostrum
785 2128 1015 2178 receperim,
1050 2126 1194 2165 dubito.
1246 2139 1334 2165 nam
1369 2127 1453 2165 siue
1482 2124 1567 2177 ‘per
1600 2123 1788 2165 saturam'

258 2204 346 2230 cum
393 2189 677 2231 ‘historiarum’
725 2193 1018 2243 coniungimus,
1062 2193 1268 2244 ποικίλην
1314 2191 1513 2244 ἱστορίαν
1563 2192 1788 2231 Lactantius

258 2262 414 2296 uertere
458 2257 632 2297 uoluisse
677 2258 847 2309 uidetur,
893 2259 977 2297 siue
1024 2271 1112 2296 cum
1152 2255 1318 2308 erefert',
1356 2258 1559 2296 historiam
1604 2258 1788 2296 continuo

258 2322 321 2360 tilo
353 2328 571 2374 pertextam
604 2336 683 2362 non
717 2325 886 2375 scripsit.

377 2455 404 2492 Λ
451 2454 638 2493 Bruttio
681 2454 836 2493 Flauiae
887 2454 1106 2493 Domitillae
1157 2455 1389 2505 martyrium
1440 2460 1787 2493 commemoratum

258 2532 345 2557 esse
390 2525 510 2558 testes
550 2520 709 2559 suerunt
747 2519 941 2559 Eusebius
980 2521 1020 2558 in
1059 2520 1273 2570 chronicis,
1314 2532 1358 2558 ex
1398 2532 1473 2570 quo
1513 2532 1582 2558 sua
1621 2521 1786 2571 sumpsit

259 2584 479 2635 Syncellus,
514 2591 552 2624 et
583 2585 757 2637 Malalas,
796 2599 842 2624 ex
882 2599 958 2637 quo
997 2585 1209 2624 chronicon
1244 2585 1427 2624 l'asrhale
1462 2585 1533 2636 (cs.
1556 2585 1610 2635 [ν.
1637 2586 1665 2624 3
1697 2597 1787 2624 cum

380 2736 411 2776 1)
440 2735 510 2776 Qui
537 2746 557 2768 a
584 2735 704 2769 Plinio
732 2735 769 2769 in
798 2735 921 2769 indice
946 2735 1033 2769 libri
1061 2748 1100 2769 111
1129 2738 1164 2770 et
1198 2736 1235 2769 in
1262 2738 1366 2770 textu
1394 2740 1412 2776 ς·
1442 2738 1508 2769 108
1536 2735 1672 2769 citatur
1699 2734 1786 2768 ‘Va-

258 2786 448 2830 lerianus',
478 2787 572 2821 alius
601 2791 666 2822 est.
