1842 3133
506 106 648 140 LIBER
674 106 737 140 DE
764 105 955 141 CATONE
984 104 1205 139 VTICENSI
1564 104 1621 143 43

212 216 255 259 ⁶2.
290 221 392 258 Plus.
426 220 507 256 Cal.
534 221 627 256 min.
655 218 712 256 36
763 215 847 256 Διὸ
888 217 1032 266 [nimia
1071 219 1285 266 dilz'qenlia
1327 219 1365 255 ite
1402 217 1623 254 Ptolomaei

91 287 316 325 hereditate
342 285 602 323 de'vtendenda
634 282 747 332 Cato]
777 287 868 328 τοῖς
894 295 939 321 τε
972 280 1124 329 ἄλλοις
1156 282 1303 333 φίλοις
1335 279 1393 328 ὡς
1426 278 1622 320 ἀπιστῶν

91 347 390 403 προσέκρουσε
429 345 499 388 καὶ
538 347 616 388 τὸν
654 344 987 399 συνηθέστατον
1029 345 1234 387 ἁπάντων
1268 344 1529 386 Μουνάτιον
1561 344 1623 393 εἰς

91 413 229 468 ὀργὴν
267 413 421 465 ὀλίγου
463 413 559 453 δεῖν
597 411 837 465 ἀνήκεστον
876 410 1120 465 γενομένην
1154 409 1375 464 ἐνέβαλεν,
1409 410 1518 451 ὥστε
1550 407 1622 450 καὶ

55 492 70 517 5
92 481 282 530 Καίσαρι
315 477 532 531 γράφοντι
559 478 694 530 λόγον
720 477 826 517 κατὰ
852 482 930 517 τοῦ
958 476 1166 524 Κάτωνος
1197 475 1465 529 πικροτάτην
1491 481 1621 516 τοῦτο

91 544 138 585 τὸ
166 542 296 597 μέρος
321 549 398 596 τῆς
422 544 685 596 κατηγορίας
712 542 943 597 διατριβὴν
968 547 1221 596 παρασχεῖν.
1267 539 1375 597 (37.)
1405 539 1449 581 Ὁ
1470 539 1621 594 μέντοι

92 608 348 657 Μουνάτιος
381 607 461 649 οὐκ
493 606 672 663 ἀπιστία
709 613 788 649 τοῦ
822 607 1053 657 Κάτωνος,
1092 604 1181 648 ἀλλ’
1218 605 1388 648 ἐκείνου
1420 603 1501 658 μὲν
1533 605 1620 647 ὀλι-

92 675 230 730 γωρία
261 673 369 728 πρὸς
401 672 556 725 αὑτόν,
589 671 727 713 αὑτοῦ
760 671 810 713 δέ
839 686 927 714 τινι
964 672 1201 727 ζηλοτυπίᾳ
1233 671 1343 725 πρὸς
1375 671 1453 712 τὸν
1485 672 1621 711 Κανί-

92 741 191 781 διον
225 740 389 793 ἱστορεῖ
414 736 623 792 γενέσθαι
650 738 729 791 τὴν
762 737 913 792 ὀργήν.
976 737 1047 778 καὶ
1080 737 1163 792 γὰρ
1196 735 1329 785 αὐτὸς
1361 736 1622 790 σύγγραμμα

38 819 71 843 10
91 804 188 859 περὶ
227 810 306 845 τοῦ
346 803 554 851 Κάτωνος
595 801 823 856 ἐξέδωκεν,
862 797 895 860 ᾧ
928 803 1113 855 μάλιστα
1155 800 1352 857 Θρασέας
1385 800 1622 854 ἐπηκολού-

91 875 213 923 θησε.
259 868 389 923 Λέγει
417 865 464 909 δὲ
491 868 673 923 ὕστερος
698 865 779 923 μὲν
806 869 867 917 εἰς
891 868 1079 922 Κύπρον
1105 866 1346 922 ἀφικέσθαι
1373 867 1444 908 καὶ
1472 868 1623 920 λαβεῖν

90 933 454 989 παρημελημένην
481 933 641 986 ξενίαν,
668 933 815 975 ἐλθὼν
842 933 890 974 δὲ
917 931 986 974 ἐπὶ
1012 933 1157 988 θύρας
1178 931 1440 986 ἀπωσθῆναι
1461 943 1623 973 σκευω-

91 999 311 1055 ρουμένου
343 1015 385 1040 τι
417 1004 496 1040 τοῦ
524 998 735 1047 Κάτωνος
768 1002 882 1040 οῖ’κοι
913 999 997 1039 σὺν
1022 1003 1081 1055 τῷ
1103 999 1319 1055 Κανιδίῳ,
1345 997 1624 1052 μεμψάμενος

92 1063 139 1107 δὲ
171 1067 355 1120 μετρίως
388 1064 441 1106 οὐ
474 1066 650 1118 μετρίας
689 1070 838 1118 τυχεῖν
875 1063 1158 1117 ἀποκρίσεως,
1192 1063 1258 1105 ὅτι
1291 1063 1543 1105 κινδυνεύει
1574 1063 1622 1104 τὸ

37 1144 70 1169 15
92 1132 191 1172 λίαν
218 1134 379 1185 φιλεῖν,
413 1130 470 1179 ὥς
497 1140 605 1183 φησι
634 1131 931 1184 Θεόφραστος,
963 1133 1107 1170 αἴτιον
1132 1135 1211 1170 τοῦ
1238 1135 1384 1183 μισεῖν
1415 1130 1621 1182 γίνεσθαι

91 1196 316 1245 πολλάκις·
368 1193 505 1236 (Ἐπεὶ
538 1193 609 1236 καὶ
643 1195 734 1248 σύ’,
769 1195 920 1249 φάναι,
964 1194 1037 1252 ςτῷ
1074 1195 1259 1249 μάλιστα
1301 1197 1451 1249 φιλεῖν
1491 1191 1624 1247 ἧττον

92 1263 292 1316 οἰόμενος
330 1260 355 1315 ἢ
394 1262 604 1316 προσήκει
643 1265 855 1313 τιμᾶσθαι
894 1262 1180 1315 χαλεπαίνεις.
1239 1260 1436 1317 Κανιδίῳ
1471 1257 1518 1300 δὲ
1551 1258 1622 1301 καὶ

92 1326 149 1368 δι’
188 1325 417 1381 ἐμπειρίαν
449 1333 618 1380 χρῶμαι
650 1325 721 1367 καὶ
749 1326 822 1367 διὰ
848 1329 997 1367 πίστιν
1024 1325 1185 1381 ἑτέρων
1210 1328 1392 1380 μᾶλλον,
1420 1323 1462 1375 ἐξ
1489 1324 1622 1379 ἀρχῆς

91 1390 173 1447 μὲν
205 1390 448 1448 ἀφιγμένῳ,
487 1395 668 1449 καθαρῷ
700 1391 749 1433 δὲ
781 1390 1036 1447 φαινομένῳ
1049 1390 1068 1433 ’.
1127 1393 1272 1432 Ταῦτα
1302 1389 1452 1443 μέντοι
1484 1392 1624 1445 μόνον

38 1472 71 1497 20
92 1458 208 1515 αὐτῷ
237 1459 356 1512 μόνω
390 1456 680 1511 διαλεχθέντα
719 1457 797 1498 τὸν
828 1457 1020 1498 Κάτωνα
1050 1457 1160 1512 πρὸς
1188 1457 1266 1498 τὸν
1293 1456 1511 1498 Κανίδιον
1538 1454 1623 1506 ἐξε-

93 1531 276 1577 νεγκεῖν.
327 1523 593 1575 αἰσθόμενος
631 1519 713 1564 οὖν
751 1522 882 1572 αὐτὸς
915 1523 1017 1564 οὔτε
1049 1521 1120 1564 ἐπὶ
1153 1523 1335 1564 δεῖπνον
1367 1523 1429 1563 ἔτι
1463 1527 1624 1575 φοιτᾶν

92 1589 192 1630 οὔτε
230 1589 481 1643 σύμβουλος
517 1588 762 1630 ὑπακούειν
799 1587 1081 1640 καλούμενος.
1138 1587 1425 1637 ἀπειλοῦντος
1465 1586 1513 1628 δὲ
1544 1593 1623 1629 τοῦ

98 1654 314 1708 Κάτωνος,
336 1654 480 1707 ὥσπερ
508 1654 693 1695 εἰώθασι
719 1660 807 1694 τῶν
834 1652 1159 1706 ἀπειθούντων,
1181 1652 1365 1707 ἐνέχυρα
1388 1654 1623 1706 λήψεσθαι,

91 1717 229 1774 μηδὲν
267 1720 508 1774 φροντίσας
546 1718 780 1760 ἐκπλεῦσαι
819 1719 891 1760 καὶ
931 1720 1075 1760 πολὺν
1106 1720 1270 1773 χρόνον
1303 1716 1351 1759 ἐν
1384 1717 1494 1773 ὀργῇ
1528 1719 1620 1760 δια-

39 1800 72 1824 25
92 1787 251 1826 τελεῖν·
297 1781 388 1825 εἶτα
415 1790 491 1837 τῆς
523 1786 730 1838 ,Μαρκίας
762 1782 845 1840 (ἔτι
877 1785 959 1838 γὰρ
993 1782 1180 1841 συνῴκει
1212 1789 1270 1841 τῷ
1299 1782 1496 1839 Κάτωνι)
1530 1784 1623 1824 δια-

94 1851 323 1904 λεχθείσης
360 1857 508 1904 τυχεῖν
545 1846 626 1902 μὲν
667 1849 748 1890 ὑπὸ
789 1850 940 1904 Βάρκα
981 1848 1274 1903 κεκλημένους
1314 1848 1382 1890 ἐπὶ
1426 1850 1623 1900 δεῖπνον,

94 1916 352 1956 εἰσελθόντα
385 1912 431 1956 δὲ
463 1913 652 1969 ὕστερον
682 1915 760 1956 τὸν
788 1915 976 1956 Κάτωνα
1008 1922 1097 1956 τῶν
1129 1916 1274 1956 ἄλλων
1301 1913 1623 1967 κατακειμένων

95 1980 274 2033 ἐρωτᾶν,
307 1980 419 2022 ὅπου
452 1981 748 2033 κατακλιθείη.
798 1986 878 2022 τοῦ
912 1977 959 2021 δὲ
994 1980 1144 2035 Βάρκα
1175 1980 1478 2031 κελεύσαντος,
1511 1979 1623 2021 ὅπου

93 2045 318 2098 βούλεται,
357 2045 737 2099 περιβλεψάμενον
776 2047 928 2096 εἰπεῖν,
968 2046 1034 2087 ὅτι
1068 2047 1186 2099 παρὰ
1219 2045 1490 2087 ,Μουνάτιον
1552 2045 1624 2086 καὶ

40 2126 74 2151 30
93 2112 386 2165 περιελθόντα
426 2112 614 2165 πλησίον
658 2111 794 2152 αὐτοῦ
835 2114 1175 2165 κατακλιθῆναι,
1216 2110 1350 2153 πλέον
1392 2108 1439 2152 δὲ
1479 2108 1624 2165 μηθὲν

94 2177 517 2230 φιλοφρονήσασθαι
549 2177 665 2231 παρὰ
696 2177 744 2218 τὸ
778 2177 970 2219 δεῖπνον.
1017 2176 1126 2218 ἀλλὰ
1160 2177 1293 2217 πάλιν
1318 2182 1394 2230 τῆς
1419 2177 1625 2230 [Μαρκίας

94 2241 303 2295 δεομένης
334 2242 411 2283 τὸν
448 2239 528 2295 μὲν
560 2242 748 2283 Κάτωνα
786 2242 951 2296 γράψαι
989 2243 1098 2297 πρὸς
1137 2242 1291 2294 αὐτόν,
1330 2242 1387 2290 ὡς
1425 2239 1625 2296 ἐντυχεῖν

94 2322 135 2347 τι
167 2307 453 2360 βουλόμενον,
487 2306 617 2356 αὐτὸς
649 2304 696 2347 δὲ
728 2307 851 2360 ἥκειν
884 2306 1025 2349 ἕωθεν
1058 2309 1119 2356 εἰς
1150 2308 1230 2361 τὴν
1262 2307 1407 2348 οἰκίαν
1438 2305 1510 2348 καὶ
1536 2306 1622 2347 ὑπὸ

95 2377 168 2424 τῆς
196 2373 399 2425 Μαρκίας
430 2376 766 2426 κατασχεθῆναι,
798 2372 924 2427 μέχρι
954 2373 1113 2421 πάντες
1147 2372 1474 2426 ἀπηλλάγησαν,
1507 2371 1622 2413 οὕτω

42 2452 75 2477 35
97 2433 143 2477 δὲ
177 2437 436 2477 εἰσελθόντα
467 2437 545 2477 τὸν
572 2436 760 2478 Κάτωνα
789 2436 860 2478 καὶ
887 2439 1181 2491 περιβαλόντα
1213 2437 1288 2486 τὰς
1315 2444 1460 2491 χεῖρας
1486 2436 1622 2491 ἀμφο-

96 2499 222 2555 τέρας
254 2500 536 2543 άσπάσασθαι
568 2501 640 2543 καὶ
677 2506 1065 2557 φιλοφρονεῖσθαι.

216 2565 258 2608 3.
294 2570 395 2607 Plus.
429 2570 511 2607 Cat.
538 2573 631 2608 min.
658 2570 715 2607 25
747 2563 857 2608 Εἶτα
888 2565 1018 2621 ἔγημε
1053 2569 1173 2619 [Calo
1206 2571 1249 2609 L.
1278 2570 1447 2619 Marcie]
1481 2572 1623 2620 θυγα-

96 2630 197 2685 τέρα
243 2633 466 2672 Φιλίππου
512 2633 741 2686 Μαρκίαν,
787 2632 950 2686 ἐπιεικῆ
997 2633 1220 2674 δοκοῦσαν
1264 2629 1378 2674 εἶναι
1422 2640 1623 2686 γυναῖκα,

219 2735 258 2770 3.
286 2736 358 2771 Res
383 2737 487 2770 etiam
516 2738 556 2769 m
581 2737 758 2771 rhetorum
789 2737 885 2771 Indis
911 2737 1111 2772 declamata
1137 2741 1196 2771 est.
1246 2738 1398 2782 Quintil.
1420 2738 1492 2771 III
1514 2742 1547 2780 5,
1569 2742 1622 2772 11.

98 2783 137 2816 X
162 2786 195 2826 5,
217 2786 283 2826 13;
318 2783 394 2817 fatal.
416 2784 617 2819 Drumcwm
642 2785 714 2818 III
730 2796 768 2828 1).
791 2787 861 2819 107
874 2795 922 2829 sq.

1660 190 1703 220 58

1648 249 1715 279 696
