1842 3133
195 121 436 151 CLXXXVIII
527 119 588 153 DE
618 117 924 153 SCRIPTORVM
952 117 1076 153 VITIS
1102 118 1164 152 ET
1191 117 1402 153 SCRIPTIS

192 232 325 270 uersia
358 232 397 268 in
433 243 477 269 eo
510 231 636 281 posita
670 235 741 280 est,
774 242 868 268 num
901 242 973 281 per
1005 235 1138 280 totam,
1171 234 1364 280 quatenus
1398 230 1485 267 fieri
1517 235 1662 280 posset,
1691 229 1732 269 id

193 303 253 335 est
291 308 362 347 per
400 297 574 347 priorem
615 294 874 345 aequabiliter
910 296 996 346 ipse
1042 294 1241 333 adhibitus
1287 296 1349 333 sit.
1410 306 1499 332 nam
1546 307 1732 346 magnum

194 361 407 399 discrimen
445 361 603 411 generis
642 361 831 398 materiae
870 361 1196 411 tractationisque
1233 366 1271 399 et
1304 359 1396 398 fidei
1428 361 1533 398 inter
1564 361 1732 411 impera-

191 432 322 464 torum
356 432 395 464 et
426 426 593 464 aliorum
626 427 851 476 principum
886 431 1221 477 tyrannorumque
1253 427 1357 464 uitas
1390 425 1612 465 intercedit.
1654 428 1732 465 iam

192 504 288 530 uero
314 491 388 530 1100
416 491 753 530 demonstranisse
780 490 894 529 nobis
921 491 1106 530 uidemur
1127 492 1223 538 (Die
1244 491 1392 540 Script.
1406 492 1443 530 Ιι.
1458 493 1505 530 Α.
1518 504 1562 541 p.
1577 491 1636 530 86
1648 504 1730 541 sqq.

193 558 279 595 114
298 559 402 605 sqq.)
431 569 503 594 nec
537 556 694 595 illarum
726 568 799 594 nec
832 556 972 595 harum
1006 558 1221 607 scriptores
1258 555 1438 594 facultate
1472 569 1518 595 ex
1551 556 1732 607 pluribus

193 622 419 661 auctoribus
460 634 550 660 suas
590 621 883 660 contaminandi
923 623 1116 674 caruisse3
1149 619 1297 672 Jquodsi
1342 621 1400 659 illi
1441 623 1552 672 operi
1589 622 1732 662 melius

193 688 449 738 suffecerunt,
493 689 596 725 uitas
641 689 717 725 iam
764 687 866 738 apud
910 687 1077 726 Marium
1122 687 1335 726 Maximum
1380 698 1425 725 eo
1470 687 1626 738 ordine,
1665 689 1733 738 qui

192 754 290 804 ipsis
328 752 547 804 placuerat,
588 752 797 804 dispositas
837 758 925 791 ante
965 753 1100 791 oculos
1138 752 1353 802 habebant,
1391 758 1434 791 nt
1471 752 1619 803 largam
1652 766 1732 792 ma-

193 820 332 857 teriam
378 820 644 869 excerpsisse,
691 824 875 869 excerpta
922 831 966 857 ex
1013 818 1087 856 alio
1133 823 1293 856 auctore
1342 817 1590 869 suppleuisse
1638 820 1733 857 satis

193 890 315 934 esset,
354 884 415 922 his
455 889 585 922 autem
620 889 658 922 et
696 883 791 922 ordo
825 883 1116 923 construendus
1150 889 1188 922 et
1219 885 1388 922 maxima
1421 896 1512 934 pars
1544 886 1732 923 materiae

193 961 239 988 ex
274 948 444 988 diuersis
478 948 706 987 auctoribus
740 948 981 988 corradenda
1016 950 1098 999 fuit,
1132 948 1276 1000 quibus
1310 950 1343 987 si
1379 949 1531 988 lunium
1559 949 1731 988 Cordum

192 1014 357 1053 eandem
403 1026 562 1065 operam
602 1016 849 1065 praestitisse
889 1016 1156 1053 existimatum
1195 1020 1255 1053 est
1293 1027 1409 1065 quam
1448 1014 1525 1053 illis
1566 1014 1732 1054 Marium

192 1080 416 1130 Maximum,
449 1079 557 1118 solus
584 1079 828 1131 Capitolinus
861 1080 967 1118 hunc
1001 1081 1238 1131 scriptorem
1270 1081 1392 1130 nouit,
1427 1082 1538 1119 cuius
1571 1082 1730 1120 nomine

191 1158 269 1184 una
301 1146 382 1183 uita
416 1145 541 1183 Clodii
576 1144 622 1183 de
657 1146 726 1196 eis,
759 1157 857 1196 quae
890 1145 968 1184 huc
1000 1146 1212 1196 pertinent,
1244 1146 1435 1196 inscripta
1468 1151 1538 1184 est.

314 1210 390 1249 Sed
436 1212 511 1249 etsi
557 1211 774 1261 fragmenta
818 1210 931 1249 Marii
969 1210 1146 1261 Maximi,
1186 1223 1284 1261 quae
1325 1210 1428 1261 apud
1466 1223 1538 1249 nos
1571 1210 1733 1250 collecta

192 1276 330 1327 habes,
369 1277 574 1314 minimam
613 1282 765 1327 partem
804 1278 992 1315 materiae
1032 1289 1077 1315 ex
1118 1288 1163 1314 eo
1204 1282 1382 1327 sumptae
1421 1282 1731 1329 repraesentant,

192 1348 323 1380 tamen
364 1343 604 1380 coniecturis
644 1354 686 1379 ea
728 1354 965 1392 exaggerare
1005 1347 1044 1380 et
1075 1341 1288 1380 obscurare
1322 1341 1531 1392 noluimus,
1565 1354 1661 1393 quas
1690 1347 1734 1381 ut

193 1408 531 1457 confirmaremus,
576 1406 679 1445 haud
730 1408 869 1458 exigua
914 1419 1006 1458 pars
1052 1406 1159 1457 libri,
1206 1419 1322 1458 quem
1374 1406 1420 1445 de
1472 1407 1733 1458 scriptoribus

191 1472 380 1511 historiae
413 1473 611 1523 Augustae
651 1473 958 1524 composuimus,
997 1472 1075 1511 11110
1105 1472 1380 1511 transferenda
1413 1472 1497 1523 suit,
1534 1472 1580 1511 ad
1614 1486 1730 1524 quem

193 1539 261 1589 qui
312 1537 555 1589 singularum
608 1549 741 1576 rerum
785 1539 918 1588 priore
966 1543 1077 1589 parte
1129 1539 1214 1576 eius
1258 1537 1447 1576 historiae
1497 1537 1730 1577 traditarum

193 1603 311 1642 fidem
345 1604 606 1642 examinaturi
639 1609 741 1654 sunt,
774 1599 962 1657 releg0.1>

314 1778 346 1821 1)
373 1776 398 1811 Ι,
420 1776 468 1812 Μ.
491 1777 589 1811 Heer
615 1777 702 1823 (Der
733 1777 958 1812 historische
984 1777 1091 1811 Wert
1124 1777 1189 1811 der
1208 1777 1252 1812 V.
1274 1776 1462 1811 Commod.
1488 1789 1523 1822 p.
1547 1781 1613 1812 147
1626 1778 1731 1822 sqq.)‚

194 1830 233 1865 O.
263 1830 396 1865 Schulz
424 1830 613 1876 (Beitriige
646 1843 680 1875 p.
712 1833 779 1874 73),
806 1831 1002 1864 Lecrivain
1029 1834 1075 1876 (p.
1106 1835 1172 1865 193
1188 1832 1293 1875 sqq),
1322 1830 1560 1865 Kornemann
1587 1831 1733 1876 (Kaiser

192 1884 363 1918 Hadrian
389 1885 525 1928 p.121)
552 1885 714 1919 maxime
748 1883 1022 1928 aequabilitate
1056 1884 1248 1919 citationis
1282 1883 1413 1918 offensi
1445 1883 1607 1918 Marium
1632 1884 1730 1918 Max.

192 1949 267 1972 non
301 1937 347 1972 ab
380 1938 472 1982 ipsis
504 1937 591 1972 hist.
619 1938 813 1983 Augustae
840 1938 1084 1982 scriptoribus
1111 1938 1149 1971 in
1175 1950 1282 1971 usum
1309 1939 1485 1972 uocatum
1512 1938 1577 1971 sed
1603 1938 1650 1972 ab
1678 1949 1731 1982 eo,

193 1991 258 2035 qui
283 1990 351 2025 has
377 1991 477 2025 uitas
504 1992 543 2025 in
568 1991 742 2025 ultimam
769 1992 926 2025 formam
952 1992 1111 2036 redegit,
1137 1991 1371 2026 nominatum
1399 1992 1436 2025 et
1460 1991 1732 2036 interpolatum

194 2055 274 2079 esse
307 2045 563 2089 coniecerunt,
597 2046 663 2079 sed
697 2047 739 2079 ut
773 2045 819 2079 de
852 2045 1112 2080 communione
1145 2044 1283 2087 cultus,
1317 2056 1390 2088 quo
1420 2055 1545 2079 omnes
1571 2045 1733 2089 impera-

192 2099 315 2132 torum
348 2099 451 2132 uitae
485 2101 657 2132 senatum
689 2109 890 2142 omnesque
923 2099 1180 2143 imperatores,
1213 2099 1277 2142 qui
1309 2098 1408 2132 hunc
1436 2098 1607 2132 uenerati
1634 2100 1731 2141 sunt,

194 2151 241 2185 ab
275 2151 468 2186 Hadriano
501 2163 618 2196 usque
653 2152 699 2186 ad
732 2152 987 2186 Alexandrum
1020 2152 1197 2187 Seuerum
1229 2153 1447 2196 prosecutae
1481 2153 1578 2195 sunt,
1612 2151 1731 2195 deque

192 2205 273 2239 uita
288 2205 346 2238 Pii
368 2206 414 2239 ab
435 2217 509 2239 uno
531 2209 682 2240 anctore
702 2206 889 2250 pendente
910 2207 976 2240 aut
996 2206 1041 2239 de
1057 2216 1239 2240 consensu
1253 2205 1486 2249 quorundam
1501 2205 1540 2238 in
1555 2207 1731 2239 contextu

191 2257 358 2293 locorum
379 2270 462 2292 cum
482 2259 564 2303 ipso
578 2259 698 2293 Mario
719 2259 894 2301 Maximo,
916 2259 980 2302 qui
1000 2258 1039 2292 in
1061 2259 1305 2293 adnotatione
1325 2269 1408 2292 mea
1430 2258 1611 2303 adscripti
1632 2260 1729 2303 sunt,

193 2314 357 2354 taceam,
391 2312 474 2356 ipsa
507 2313 698 2357 appendix
730 2312 1037 2347 documentorum
1070 2312 1117 2346 ab
1151 2323 1193 2346 eo
1226 2312 1265 2346 in
1297 2312 1495 2346 historiam
1519 2312 1730 2357 Augustam

192 2364 378 2399 translata
405 2365 648 2410 taediumque
674 2365 826 2409 laboris,
854 2377 926 2409 quo
954 2366 1115 2411 correpti
1141 2366 1220 2400 eius
1247 2365 1523 2411 longitudinem
1549 2364 1730 2408 abiciunt,

194 2418 287 2452 satis
315 2419 582 2464 demonstrant,
610 2419 695 2454 illos
722 2431 743 2454 a
769 2420 931 2453 ueritate
959 2419 1163 2453 aberrasse.
1190 2418 1232 2453 V.
1255 2418 1429 2453 Bursiani
1449 2418 1603 2453 annales
1626 2422 1727 2453 1905.
