1842 3133
337 124 625 159 SCRIPTORES
654 124 856 158 AETATIS
884 124 1076 158 oMNJNO
1103 124 1345 159 INCERTAE
1501 126 1623 156 ‹70V11

95 240 305 276 allectionis·
339 240 379 275 in.
411 242 554 275 senatu
586 243 855 285 parentesque
886 249 978 274 snos
1014 240 1194 275 imitatus
1225 239 1435 275 historiam
1468 248 1624 285 quoque

99 304 319 341 Romanam
351 308 497 350 septem
525 303 640 340 libris
666 303 803 340 edidit.
844 301 947 352 quod
975 301 1190 339 anecdoton
1219 301 1265 339 ab
1293 302 1449 340 Alfi-edo
1480 302 1625 340 llolder

95 370 134 406 in
180 367 313 405 codice
359 367 651 405 Carolirubensi
691 368 895 405 inuentum
942 367 1190 405 Hermannus
1217 367 1367 406 Vsener
1404 363 1456 420 (a.
1490 364 1621 421 1877)

95 432 242 484 publici
277 434 375 471 iuris
410 432 502 470 fecit
535 433 813 483 euarrauitque
848 445 917 470 5110
952 445 1058 470 more
1093 438 1171 470 tam
1206 432 1316 471 docte
1351 440 1388 471 et
1414 432 1623 483 subtiliter,

95 498 190 536 1111111
223 503 266 536 ut.
298 510 401 536 nunc
435 497 524 536 addi
557 499 681 549 possit
713 499 767 547 (p.
797 498 981 536 17—36.
1020 499 1157 536 Gescle..
1186 499 1278 536 Lm.
1300 499 1350 536 II
1368 511 1411 547 p.
1439 499 1527 546 33).

212 563 379 601 Tantum
425 565 547 614 igitur
592 568 672 602 tum
719 568 894 614 tempora
940 568 1084 601 mutata
1125 568 1247 613 erant,
1288 568 1330 601 ut
1363 563 1428 602 ille
1457 561 1619 614 ‘antiqui

94 630 251 667 Catonis
285 628 463 666 uouellus
497 627 697 679 imitator’,
731 626 809 666 ‘uir
841 626 1126 679 pbilosopbus’,
1161 627 1344 666 Macrobii
1384 628 1623 679 emendator,

94 695 282 745 patricius
321 693 536 744 consulque
575 693 798 732 ordinarius
832 689 884 746 (a.
911 689 1030 747 485),
1064 705 1135 744 per
1172 695 1315 743 uiginti
1354 706 1475 732 annos
1517 696 1623 745 prin-

94 772 185 810 ceps
231 765 389 798 senatus
435 772 587 797 summo
632 758 761 797 studio
807 759 1113 797 christianorum
1161 771 1316 797 causam
1362 764 1541 798 tueretur
1586 766 1624 798 et

93 830 255 876 propter
293 824 383 863 fidei
423 837 515 863 suae
554 825 814 863 constantiam
857 837 875 861 a
915 824 1157 862 'Theoderico
1190 824 1273 862 Arii
1306 829 1500 863 sectatore
1534 838 1622 863 cum

94 890 254 929 Boethio
294 902 439 940 genero
478 903 509 928 a.
538 887 622 928 525
663 889 922 928 occideretur.
974 889 1042 927 sed
1080 895 1123 927 ut
1162 891 1202 927 in
1240 889 1356 928 huius
1390 889 1501 928 libris
1535 902 1622 928 eru-

94 956 188 994 ditio
220 960 401 994 ueterum
439 955 704 994 Romanorum
750 960 826 1006 est,
872 956 1024 1006 species
1076 960 1236 993 externa
1289 955 1519 1006 christiana,
1570 957 1622 993 ita

94 1021 315 1072 Symmachi
360 1020 463 1071 quod
506 1033 628 1059 unum
675 1026 794 1059 restat
840 1021 1103 1070 fragmentum
1147 1020 1333 1059 historiae
1379 1022 1490 1071 quasi
1536 1022 1622 1059 fuco

93 1087 306 1125 christiano
345 1099 391 1124 ex
430 1085 567 1124 Orosio
613 1085 799 1137 adsperso
845 1085 1038 1124 imbutum
1085 1091 1160 1136 est,
1201 1098 1289 1124 cum
1336 1087 1540 1124 materiam
1577 1099 1623 1124 ex

93 1151 230 1203 gentili
263 1157 422 1190 auctore
455 1157 664 1202 repeteret.
716 1152 812 1190 baec
845 1153 950 1190 enim
984 1157 1060 1189 tota
1095 1151 1305 1202 Capitolini
1332 1157 1391 1190 est
1419 1164 1541 1203 eaque
1569 1153 1622 1190 ita

94 1222 289 1267 excerpta,
321 1222 364 1255 ut
396 1216 595 1255 Maximini
627 1218 808 1268 uirtutes,
842 1217 985 1268 quibus
1025 1230 1044 1255 a
1084 1222 1221 1255 natura
1261 1218 1478 1255 instructus
1519 1223 1624 1256 esset

95 1284 194 1330 (uid.
224 1283 319 1332 infr.
348 1284 440 1321 adn.
459 1295 502 1332 J).
526 1283 611 1321 156
627 1280 714 1334 sq),
743 1295 819 1333 quo
846 1282 1084 1321 luculentius
1117 1295 1206 1320 eum
1238 1281 1433 1321 breuitate
1467 1283 1623 1333 imperii

94 1360 238 1398 poenas
271 1348 558 1398 persecutionis
585 1346 897 1386 Christianorum
931 1347 1097 1386 soluisse
1127 1344 1285 1386 doceret
1312 1348 1381 1397 (cs.
1411 1347 1521 1386 Oros.
1548 1348 1625 1386 VH

95 1413 161 1462 19,
184 1414 220 1451 1.
254 1413 419 1451 Ηίθνοη.
447 1414 502 1451 ad
533 1425 568 1451 a.
597 1413 712 1451 2252
739 1415 836 1452 Abr.
855 1426 899 1463 p.
928 1414 951 1451 I
960 1413 1012 1451 79
1041 1414 1163 1460 Sele.).
1216 1425 1313 1464 quos
1358 1413 1475 1451 tiores
1521 1413 1624 1464 quod

93 1477 283 1516 barbarus
317 1479 487 1528 scriptor
518 1478 632 1528 paulo
665 1484 753 1529 post
780 1474 831 1531 (a.
854 1474 972 1532 551),
1005 1491 1093 1516 cum
1129 1478 1174 1516 de
1208 1479 1359 1528 origine
1394 1478 1623 1530 actibusque

95 1542 281 1582 Getarum
319 1542 528 1593 scriberet,
567 1543 736 1582 libenter
774 1545 942 1595 arripuit
974 1549 1012 1582 et.
1042 1545 1083 1582 in
1117 1556 1231 1582 suum
1264 1556 1378 1582 usum
1412 1543 1623 1594 transtulit,

94 1620 172 1646 non
204 1609 257 1646 ita
290 1608 532 1647 mirabimur.

185 1844 564 1892 SCRIPTORES
604 1844 877 1891 AETATIS
917 1845 1165 1892 OMNINO
1205 1845 1530 1893 INCERTAE

212 1963 403 2009 Quoniam
449 1962 627 2001 ordinem
672 1963 889 2002 secundum
935 1970 1132 2015 auctores,
1178 1967 1243 2016 qui
1283 1977 1350 2003 eos
1389 1967 1623 2017 citauerunt,

94 2029 258 2079 institui,
292 2030 409 2080 primi
442 2028 716 2067 tractabuntur

212 2093 385 2132 Fabius
418 2094 629 2133 Vestalis.
693 2094 878 2133 Deculo.
943 2095 1196 2134 Cornelius
1230 2096 1503 2135 Valerianus

94 2159 173 2197 sola
218 2159 335 2197 Plinii
374 2159 542 2198 naturali
580 2160 741 2198 historia
781 2160 893 2199 nobis
932 2162 1025 2199 noti.
1080 2161 1136 2199 Ex
1170 2161 1311 2199 Fabio
1351 2161 1540 2213 quaedam
1577 2162 1622 2200 de

94 2225 220 2275 primo
253 2224 396 2263 solario
421 2224 566 2263 Romae
603 2230 747 2263 statuto
781 2227 960 2277 inseruit,
994 2226 1062 2264 sed
1097 2226 1336 2265 desiderauit
1369 2229 1622 2277 accuratiora,

96 2290 285 2328 rationem
303 2289 365 2327 1161
385 2291 587 2340 artiticem,
605 2290 708 2329 unde
730 2290 961 2329 translatum
984 2297 1088 2330 esset
1109 2297 1174 2330 aut
1195 2291 1297 2342 apud
1318 2305 1435 2343 quem
1457 2294 1621 2344 scripto-

96 2366 178 2392 rem
211 2356 441 2405 inuenisset,
474 2354 577 2394 unde
612 2368 700 2394 eum
727 2355 968 2395 Fenestellae
1002 2369 1110 2395 more
1144 2369 1208 2395 res
1234 2357 1428 2396 Romanas
1456 2364 1491 2396 et
1524 2360 1620 2396 auti-

97 2420 264 2470 quitates
286 2421 553 2470 composuisse
574 2420 805 2471 colligimus.
835 2434 924 2460 nam
946 2421 1049 2472 quod
1070 2423 1110 2460 in
1132 2421 1260 2460 iudice
1282 2422 1374 2460 libri
1388 2432 1515 2461 xxxv
1537 2424 1622 2462 eius

96 2486 243 2522 nomini
277 2483 425 2523 addidit
458 2482 543 2533 ‘que'
575 2487 623 2524 de
648 2489 818 2535 pictura
850 2485 1043 2537 scre'pse‘t',
1075 2487 1180 2525 bunc
1214 2487 1356 2525 librum
1385 2487 1430 2526 ab
1459 2501 1515 2539 eo,
1546 2501 1621 2540 quo

96 2551 135 2587 111
174 2550 315 2587 ceteris
354 2549 466 2587 libris
503 2562 598 2588 usus
637 2552 704 2601 sit,
745 2550 945 2590 diuersum
986 2564 1071 2590 esse
1111 2553 1316 2602 significat.
1357 2565 1454 2604 quae
1490 2558 1620 2592 tamen

96 2619 252 2665 praeter
284 2614 392 2652 illum
426 2614 553 2652 locum
587 2615 676 2653 libri
710 2617 867 2666 septimi
900 2618 938 2654 111
972 2616 1083 2655 libris
1110 2626 1254 2655 XXXIV
1267 2613 1297 2671 ¹)
1327 2623 1366 2656 et
1391 2627 1548 2668 XXXVI,
1581 2620 1620 2657 in

215 2732 247 2771 1)
275 2727 447 2762 Muenzer
472 2740 507 2772 p.
532 2733 598 2762 354
615 2741 692 2772 sqq.
735 2735 753 2771 ξ
780 2733 823 2763 43
858 2730 904 2763 ad
927 2730 1114 2765 Vestalem
1140 2742 1270 2775 parum
1299 2734 1399 2766 certa
1427 2743 1622 2776 argumen-

94 2781 238 2816 tatione
263 2780 465 2815 reuocauit.
