1842 3133
499 716 560 761 M.
590 714 856 761 TVLLIVS
897 714 1118 761 CICERO
1134 711 1166 768 1)

302 819 435 863 (Natus
463 830 493 852 a.
519 818 691 861 wolfi-18,
719 828 790 852 cos.
813 820 964 863 63s691‚
991 819 1158 852 mortuus
1185 818 1351 862 43s711.)

187 931 232 968 M.
266 930 417 968 Tullius
460 930 596 967 Cicero
635 928 695 967 bis
738 941 809 980 per
849 930 972 968 uitam
1015 929 1132 967 rebus
1175 929 1395 968 scribendis
1437 942 1594 980 operam

30 1010 40 1019 ·
69 996 191 1045 dedit,
233 1000 275 1034 ut
319 995 364 1033 ab
404 996 659 1045 occupatione
699 995 802 1032 uitae
843 994 1021 1045 publicae
1069 1000 1242 1033 remotus
1279 994 1442 1045 gloriam
1485 1007 1597 1033 sene-

68 1066 242 1099 scentem
270 1061 331 1099 uel
361 1060 499 1098 alienis
527 1059 702 1098 consiliis
733 1065 770 1098 et
796 1059 944 1098 inuidia
972 1060 1219 1098 obscuratam
1248 1059 1531 1110 redintegraret
1561 1065 1599 1098 et

68 1128 106 1164 in
141 1128 288 1165 ciuium
322 1131 473 1164 mentes
507 1131 541 1164 et
583 1138 786 1163 sermones
827 1130 1047 1176 reuocaret,
1086 1127 1257 1176 primum
1297 1138 1328 1163 a.
1357 1122 1525 1177 62s692
1542 1138 1597 1176 sq.

68 1205 155 1230 nam
184 1191 418 1242 simulatque
446 1190 649 1229 consulatu
679 1190 859 1241 decessit,
886 1190 1040 1242 fluctus,
1067 1196 1110 1229 ut.
1142 1192 1194 1229 ait
1221 1193 1290 1237 (de
1315 1196 1417 1230 oras.
1441 1192 1467 1228 J
1488 1192 1598 1239 l‚3),

68 1257 114 1295 ab
155 1270 199 1295 eo
239 1270 257 1295 a
298 1258 495 1295 communi
534 1261 643 1307 peste
686 1255 838 1307 depulsi
876 1258 916 1293 in
956 1269 1044 1294 eum
1088 1257 1216 1307 ipsum
1264 1256 1598 1295 redundauerunt.

68 1324 210 1373 itaque,
244 1335 332 1360 cum
365 1323 540 1360 omnium
574 1321 677 1360 oculi
704 1323 743 1359 in
770 1321 1011 1373 Pompeium,
1040 1323 1103 1372 qui
1134 1321 1247 1360 modo
1275 1321 1420 1360 bellum
1448 1322 1598 1360 Mithri-

70 1387 239 1426 daticum
273 1400 423 1425 summa
457 1400 544 1425 cum
576 1387 698 1437 gloria
726 1388 960 1437 confecerat,
988 1389 1171 1425 conuersi
1199 1392 1343 1438 essent,
1370 1387 1484 1438 paulo
1510 1393 1597 1438 post

69 1454 380 1491 coniurationem
425 1452 616 1490 detectam
657 1451 930 1503 ‘epistulam
976 1465 1053 1490 non
1100 1452 1338 1491 mediocrem
1385 1452 1431 1490 ad
1476 1454 1601 1491 instar

68 1518 281 1556 uoluminis
321 1516 522 1568 scriptam’
558 1515 626 1556 ‘de
666 1517 808 1556 rebus
848 1519 948 1556 suis
988 1519 1033 1555 in
1068 1518 1317 1556 consulatu
1352 1516 1518 1567 gestis'
1553 1517 1599 1556 ad

70 1596 158 1622 eum
191 1585 230 1621 in
264 1583 392 1621 Asiam
427 1583 563 1621 Cicero
597 1584 705 1621 misit
737 1582 979 1634 eandennjlue
1014 1583 1130 1621 simul
1171 1585 1287 1622 etiam
1321 1583 1467 1634 publici
1501 1585 1599 1621 iuris

70 1650 177 1700 fecit,
210 1655 252 1687 ut
285 1648 324 1686 L.
352 1648 573 1699 Torquatus
606 1650 683 1687 iam
717 1661 805 1686 eum
840 1648 986 1686 Sullam
1021 1655 1225 1687 accusaret
1258 1645 1310 1702 (a.
1333 1645 1522 1703 62st392)‚
1557 1662 1599 1687 ea

70 1716 126 1753 uti
159 1719 292 1765 posset
325 1715 427 1759 (Cle.
447 1726 527 1763 pro
557 1715 668 1752 Sulla
696 1715 762 1762 24,
785 1715 872 1762 67),
905 1715 1080 1752 imitatus
1109 1714 1329 1765 exemplum
1359 1714 1600 1765 Scipionum,

70 1781 135 1830 qui
170 1779 215 1817 de
249 1779 366 1817 rebus
398 1779 550 1817 bellicis
584 1779 771 1830 epistulas
806 1779 1062 1818 confecerunt
1095 1779 1382 1830 edideruntque
1417 1781 1599 1827 (Fragsm.

69 1847 157 1884 hist.
186 1846 297 1883 Rom.
314 1858 358 1894 J).
388 1845 472 1883 113
483 1847 596 1893 δρψ).
659 1857 799 1882 uerum
839 1850 980 1895 tamen,
1022 1858 1110 1883 cum
1144 1843 1327 1896 ‘quadam
1367 1844 1598 1896 superbiore

69 1911 251 1948 iactantia
285 1909 466 1948 omnibus
500 1923 541 1948 se
574 1910 754 1958 gloriosis
784 1909 948 1948 ducibus
979 1909 1262 1961 anteponeret⁷,
1295 1911 1366 1949 hac
1394 1910 1600 1948 insolentia

70 1975 230 2026 Pompei
266 1976 508 2013 stomachum
535 1973 651 2013 ‘haud
679 1974 945 2013 medio(·.riter'
977 1977 1101 2014 mouit
1128 1977 1277 2022 (Schol.
1307 1978 1400 2015 Bab.
1428 1978 1484 2014 [αἱ
1520 1977 1600 2015 Cic.

68 2052 143 2089 pro
172 2042 309 2079 Plane.
328 2054 371 2090 p.
395 2041 479 2078 270
493 2053 548 2089 sq.
578 2041 674 2091 022),
702 2042 768 2092 qui
801 2054 935 2079 mense
963 2041 1176 2080 Februario
1211 2046 1377 2080 exeunte
1411 2041 1474 2079 uel
1502 2041 1600 2079 Mar-

72 2107 124 2144 tio
157 2107 317 2145 ineunte
351 2119 382 2144 a.
410 2102 580 2158 61s693
614 2107 653 2144 in
687 2106 830 2144 litteris
864 2106 909 2145 ad
944 2112 1121 2145 senatum
1157 2107 1256 2145 datis
1290 2120 1398 2158 spem
1432 2108 1501 2145 otii
1532 2119 1600 2145 sua

72 2183 188 2222 opera
222 2172 394 2209 restituti
432 2171 604 2209 ostendit
642 2176 756 2222 atque
796 2173 962 2222 priuatis
995 2171 1176 2210 Ciceroni
1214 2172 1457 2210 uoluntatem
1491 2184 1600 2210 suam

72 2236 248 2274 breuiter
286 2237 534 2287 significauit,
574 2236 642 2275 sed
683 2237 983 2286 gratulationem
1024 2250 1157 2275 rerum
1198 2237 1243 2275 ab
1283 2238 1356 2275 boc
1389 2242 1601 2287 gestarum,

74 2314 189 2352 quam
217 2307 502 2352 expectauerat,
529 2303 688 2339 omnino
710 2303 977 2352 praetermisit
999 2308 1113 2353 atque
1136 2302 1367 2340 Ciceronem
1395 2315 1440 2340 ex
1463 2315 1599 2352 magna

75 2379 141 2417 spe
176 2366 400 2405 deturbauit
433 2369 508 2413 (ad
534 2368 631 2417 sam.
664 2368 768 2414 1'7).
832 2380 969 2418 parum
1010 2369 1129 2416 igitur
1161 2367 1330 2406 feliciter
1362 2368 1434 2405 boc
1470 2367 1600 2405 libello

74 2432 261 2470 historiae
296 2445 387 2470 suae
420 2432 598 2483 prolusit,
633 2432 701 2471 sed
735 2434 849 2471 etiam
885 2446 986 2483 spes,
1020 2446 1115 2483 quas
1149 2435 1188 2471 in
1223 2433 1308 2471 aliis
1342 2432 1600 2483 scriptoriluls

76 2502 276 2547 posuerat,
316 2510 404 2535 eum
444 2498 678 2536 fefellerunt.
730 2511 818 2536 nam
852 2511 979 2549 neque
1015 2498 1189 2549 Archias,
1224 2511 1339 2549 quem
1373 2511 1403 2535 a.
1433 2495 1599 2548 &7692

77 2562 177 2613 apud
204 2562 353 2600 iudices
382 2562 620 2614 defenderat„
647 2568 712 2601 aut
738 2563 913 2614 Thyillus
948 2569 1083 2614 poetae
1116 2564 1254 2601 Graeci
1288 2564 1372 2601 eius
1406 2564 1600 2601 amicitiae

77 2628 372 2678 patrocinioque
411 2629 575 2677 gratiam
614 2628 868 2679 rettulerunt,
902 2630 975 2666 etsi
1008 2628 1174 2679 polliciti
1208 2633 1316 2667 erant
1351 2630 1442 2677 (pro
1476 2630 1599 2667 Arch.

198 2756 229 2794 1)
256 2753 338 2786 Vid.
367 2753 422 2787 W.
448 2753 490 2787 H,
519 2754 557 2788 D.
585 2753 772 2799 Suringar,
803 2755 859 2788 Dc
899 2755 1074 2789 Romanis
1106 2755 1402 2799 ‹cztlobessoqraphis
1426 2754 1600 2797 ‹Lcydenq

82 2810 183 2842 1846>
210 2819 243 2850 p.
267 2811 415 2841 21—28.

1280 2867 1318 2899 Γ
