1842 3133
43 495 57 519 5

26 824 56 847 10

22 1389 52 1413 15

580 110 845 145 VIPSTANVS
873 110 1121 145 MESSALLA
1526 111 1607 152 115

197 218 275 261 4*.
320 223 421 261 Plus.
449 227 600 270 quaest.
630 223 740 261 Rom.
769 223 854 260 107
899 220 987 261 Διὰ
1027 221 1070 261 τί
1112 221 1215 268 τοὺς
1252 218 1347 272 περὶ
1390 220 1468 260 τὸν
1500 221 1640 260 Διό-γ

79 297 219 327 ’νυσον
245 287 441 340 τεχνίτας
476 286 708 339 ἱστρίωνας
730 283 939 339 Ῥωμαῖοι
974 289 1204 335 melloficum
1248 281 1272 337 ἦ
1300 283 1355 325 (δι’
1383 285 1437 338 Υἢν
1464 286 1605 325 αἰτίαν

81 351 302 405 Κλούβιος
329 350 514 405 Ῥοῦφος
548 351 764 405 ἱστόρηκες
798 349 905 404 φησὶ
940 352 1021 405 γὰρ
1057 350 1104 391 ἐν
1136 357 1227 399 τοῖς
1259 350 1375 391 πάνυ
1407 354 1606 398 παλαιοῖς

78 417 253 470 χρόνοις
294 417 431 457 Γαΐου
471 431 513 456 τε
557 418 830 457 Σουλπικίου
869 414 940 456 καὶ
982 418 1189 457 Λικινίου
1225 417 1456 464 Στόλωνος
1499 415 1606 456 ’ὑπα-

79 482 298 522 τενόντων
331 481 523 535 λοιμώδη
559 483 693 522 νόσον
726 480 773 522 ἐν
793 479 931 535 Ῥώμῃ
966 480 1207 534 γενομένην
1239 481 1404 529 πάντας
1437 480 1608 532 ὁμαλῶς

79 546 335 601 διαφθεῖραι
375 548 479 595 τοὺς
517 544 587 587 ἐπὶ
627 547 794 600 σκηνὴν
834 545 1204 600 προερχομένους·
1258 547 1488 599 δεηθεῖσιν
1526 542 1608 586 οὖν

78 611 226 660 αὐτοῖς
264 611 309 652 ἐκ
358 613 604 665 Τυρρηνίας
643 611 793 652 ἐλθεῖν
835 613 1026 660 πολλοὺς
1061 610 1128 652 καῖ
1166 611 1365 664 ἀγαθοὺς
1397 613 1606 665 τεχνίτας,

78 670 140 717 ὧν
171 677 249 718 τὸν
281 677 562 731 πρωτεύοντα
595 676 698 731 δόξῃ
726 677 795 717 καὶ
822 677 984 730 χρόνον
1017 678 1224 717 πλεῖστον
1258 676 1605 730 ἐνευημεροῦντα

77 749 166 790 τοῖς
209 742 415 794 θεάτροις
447 739 622 794 Ἴστρον
666 741 977 796 ὀνομάζεσθαι·
1029 740 1100 783 καὶ
1147 741 1220 782 διὰ
1266 747 1395 782 τοῦτο
1441 741 1606 790 πάντας

78 806 347 860 (ίστρίωναξ
375 805 445 847 ἀπ’
484 806 654 848 ἐκείνου
684 807 1106 862 προσαγορεύεσθαι.

289 999 589 1046 VIPSTANI
627 998 999 1045 MESSALLAE
1040 998 1381 1046 HtSToRIAE

196 1114 268 1158 1³³².
310 1119 398 1157 Tae.
430 1120 519 1157 hist.
548 1119 623 1156 III
652 1118 705 1155 25
738 1117 792 1155 Eo
826 1116 1035 1155 notabilior
1067 1117 1206 1156 caedes
1241 1118 1313 1156 fuit
1347 1118 1476 1167 [apud
1512 1122 1603 1158 Cre-

74 1195 230 1221 monam
268 1183 601 1234 I'z'lellicmorum],
641 1185 730 1234 quia
770 1183 873 1221 filius
913 1188 1063 1234 patrem
1097 1183 1307 1221 interserit.
1360 1196 1441 1222 rem
1481 1186 1604 1222 nomi-

76 1260 201 1298 naque
247 1254 405 1286 auctore
445 1249 628 1299 Vipstano
674 1247 852 1286 Messalla
898 1248 1059 1286 tradam.
1119 1248 1239 1286 lulius
1286 1248 1513 1288 Mansuetus
1559 1263 1603 1287 ex

74 1312 278 1363 Hispania,
317 1312 463 1364 Rapaci
501 1313 645 1364 legioni
684 1313 854 1364 additus7
895 1313 1081 1364 inpubem
1123 1313 1245 1352 lilium
1286 1313 1389 1352 domi
1426 1314 1604 1365 liquerat.

74 1379 107 1415 is
147 1390 231 1415 mox
273 1377 444 1428 adultus,
490 1379 593 1417 inter
632 1380 871 1429 septimanos
911 1392 929 1416 a
971 1378 1087 1416 Galba
1127 1380 1393 1429 conscriptus⁷
1434 1379 1602 1417 oblatum

75 1443 172 1481 sorte
205 1449 355 1494 patrem
391 1449 425 1481 et
454 1443 615 1482 uolnere
643 1449 807 1482 stratum
837 1444 927 1482 dum
955 1445 1226 1482 semianimem
1254 1449 1463 1495 scrutatur7
1498 1447 1604 1495 agni-

76 1515 136 1546 tus
170 1520 464 1560 agnoscensque
498 1514 536 1547 et
568 1521 806 1560 exsanguem
840 1509 1053 1560 amplexus,
1085 1522 1182 1547 uoce
1216 1509 1337 1547 flebili
1371 1510 1606 1561 precabatur

74 1575 199 1624 piatos
237 1575 360 1624 patris
399 1587 533 1613 manes
572 1587 672 1613 neue
713 1588 754 1613 se
792 1580 835 1613 ut
874 1574 1112 1626 parricidam
1146 1580 1444 1614 auersarentur:
1478 1575 1604 1627 publi-

74 1651 162 1677 cum
195 1639 233 1677 id
267 1639 429 1690 facinus,
463 1645 501 1678 et
533 1653 654 1678 unum
688 1639 853 1678 militem
886 1645 1044 1690 quotam
1078 1639 1255 1677 ciuilium
1289 1652 1488 1679 armorum
1516 1654 1603 1692 par-

20 1722 33 1745 2
73 1702 187 1742 tem?
244 1704 360 1743 simul
406 1704 581 1743 attollere
634 1717 793 1756 corpus,
840 1706 993 1756 aperire
1044 1705 1224 1755 humum,
1277 1718 1460 1756 supremo
1512 1719 1603 1757 ergo

73 1774 275 1820 parentem
314 1770 442 1807 officio
482 1770 601 1820 fungi.
660 1770 867 1808 aduertere
907 1771 1093 1821 proximi,
1137 1770 1276 1809 deinde
1315 1770 1469 1821 plures:
1512 1772 1603 1810 hinc

73 1847 144 1885 per
181 1847 336 1873 omnem
376 1836 499 1873 aciem
538 1835 771 1874 miraculum
811 1840 849 1873 et,
887 1840 1050 1886 questus
1084 1841 1122 1874 et
1154 1836 1377 1874 saeuissimi
1414 1836 1505 1874 belli
1538 1850 1602 1875 ex-

73 1901 250 1938 secratio.
294 1912 366 1938 nee
399 1912 443 1938 eo
477 1901 637 1950 segnius
670 1902 910 1951 propinquos
944 1900 1083 1939 adfinis
1116 1907 1247 1951 patres
1284 1901 1483 1940 trucidant
1515 1915 1602 1953 spo-

72 1964 183 2003 liant:
217 1965 360 2003 factum
395 1978 481 2003 esse
516 1965 644 2004 scelus
679 1965 893 2016 loquuntur
926 1967 1162 2016 faciuntque.

72 2078 295 2123 quibusdam
328 2079 459 2113 diebus
491 2080 651 2124 populus
685 2081 721 2113 et
752 2079 876 2123 miles,
909 2081 1101 2123 tamquam
1134 2079 1372 2114 nobilitatem
1408 2091 1450 2114 ac
1490 2081 1601 2115 decus

73 2126 317 2169 adstruerent,
338 2126 477 2161 Neroni
500 2126 637 2162 Othoni
658 2127 897 2162 adclamauit.
937 2127 1016 2171 ipse
1044 2127 1082 2161 in
1104 2138 1281 2171 suspenso
1302 2127 1426 2161 tenuit
1447 2128 1602 2162 uetandi

72 2176 172 2208 metu
211 2174 270 2208 uel
309 2175 561 2219 adgnoscendi
600 2175 751 2219 pudore.
804 2175 879 2209 Dio
913 2178 970 2217 64,
996 2178 1030 2217 3,
1056 2177 1080 2209 >2
1118 2175 1157 2209 τὸ
1198 2180 1288 2220 γοῦν
1329 2174 1446 2219 ὄνομα
1486 2176 1600 2210 αὐτοῦ

72 2219 264 2267 [Νέρωνος
282 2219 422 2267 Ὄθων]
451 2223 548 2269 αὐτῷ
575 2223 690 2262 εὐθὺς
716 2221 881 2257 ἐπέθετο.

191 2267 229 2303 4.
259 2269 312 2312 Cf.
334 2269 418 2304 Lm.
445 2270 561 2304 VH2
599 2269 646 2304 Et
677 2270 747 2304 hoc
779 2271 816 2304 et
848 2269 1058 2313 insequenti
1092 2281 1188 2304 anno
1216 2268 1251 2304 C.
1275 2268 1439 2313 Sulpicio
1474 2269 1599 2304 Petico

72 2315 108 2351 C.
140 2315 281 2350 Licinio
309 2316 458 2351 Stolone
491 2317 704 2352 consulibus
739 2317 955 2362 pestilentia
987 2317 1069 2351 fuit.
1098 2338 1142 2342 —
1175 2328 1257 2350 cum
1293 2317 1349 2351 uis
1381 2316 1501 2351 morbi
1533 2328 1599 2351 nec

71 2363 242 2398 humanis
276 2363 441 2398 consiliis
473 2376 539 2398 nec
579 2376 646 2409 ope
686 2364 815 2399 diuina
847 2364 1036 2398 leuaretur
1063 2385 1105 2388 —
1132 2364 1211 2397 ludi
1245 2364 1406 2398 scaenici
1433 2386 1475 2389 —
1504 2365 1600 2399 inter

72 2410 148 2445 alia
169 2411 340 2445 caelestis
360 2411 436 2446 irae
457 2411 671 2455 placamina
691 2412 855 2446 instituti
877 2412 1114 2446 dicuntur.-—
1130 2411 1208 2446 sine
1229 2413 1391 2446 carmine
1413 2412 1499 2455 ullo,
1521 2412 1599 2446 sine

72 2457 336 2492 imitandorum
372 2459 576 2492 carminum
610 2461 695 2493 actu
729 2459 898 2493 ludiones
932 2471 974 2493 ex
1010 2458 1160 2493 Etruria
1197 2459 1307 2493 acciti
1347 2460 1394 2493 ad
1432 2459 1598 2494 tibicinis

71 2505 199 2539 modos
230 2505 410 2541 saltantes
436 2506 537 2540 haud
564 2506 757 2541 indecoros
784 2509 905 2540 motus
933 2517 1031 2540 more
1064 2506 1183 2540 Tusco
1217 2506 1368 2540 dabant.
1402 2529 1437 2531 m
1468 2517 1598 2541 uerna-

73 2552 163 2586 culis
185 2552 401 2595 artificibus,
429 2554 517 2597 quia
543 2554 634 2588 ister
654 2553 773 2588 Tusco
800 2554 913 2588 uerbo
935 2553 1038 2587 ludio
1061 2554 1276 2597 uocabatur⁷
1297 2565 1429 2588 nomen
1451 2554 1598 2588 histrio-

72 2600 180 2634 nibus
207 2599 378 2643 indstum,
406 2601 469 2644 qui
496 2603 532 2634 et
559 2613 591 2645 q.
616 2613 641 2635 s.

194 2707 234 2762 l,
271 2714 334 2749 13.
368 2714 533 2761 uipsano
560 2712 704 2760 M(ecl.)
830 2714 893 2750 18.
927 2714 1057 2762 platos
1084 2714 1137 2749 M
1164 2713 1341 2761 placatos
1367 2726 1415 2750 m.
1438 2726 1506 2751 ree.

73 2772 138 2808 21».
173 2772 337 2809 attolere
364 2772 416 2808 M
536 2773 600 2809 23.
633 2772 834 2810 trucidant
864 2772 1033 2809 Gronozt.
1068 2771 1257 2809 trucidati
1283 2774 1335 2809 M

1264 2837 1312 2871 8*

1635 204 1702 234 364

1634 252 1702 293 306

1645 1098 1686 1125 ‹32›

1633 1156 1699 1185 822
