1842 3133
40 822 70 846 10

38 1147 68 1172 15

35 1480 68 1504 20

35 1806 66 1831 25

732 108 987 143 HISTORIAE
1540 112 1559 152 1
1571 111 1621 152 13

95 222 282 272 temporis
315 220 417 258 Nero
450 233 521 271 per
552 221 687 258 uiuum
723 225 761 257 et
795 220 929 270 epulas
963 221 1236 271 incalesceret,
1271 222 1427 259 offerret
1463 235 1504 259 se
1538 235 1622 261 sae-

94 288 182 337 pius
220 285 435 324 temulento
475 291 669 335 comptam
703 291 736 323 et
779 286 928 323 incesto
963 291 1146 336 paratam.
1175 309 1229 312 —
1265 286 1452 325 Senecam
1487 293 1619 325 contra

92 351 305 390 muliebres
344 350 563 389 inlecebras
604 350 822 388 subsidium
857 364 875 388 a
910 352 1052 389 l'emina
1093 353 1299 402 petiuisse,
1341 354 1620 403 inmissamque

92 418 212 455 Acten
247 416 443 466 libertam,
478 428 576 467 quae
611 415 725 453 simul
761 429 830 453 suo
865 416 1038 466 periculo
1066 422 1101 455 et
1131 418 1288 455 infamia
1317 416 1482 455 Neronis
1509 419 1619 455 anxia

58 496 68 510 r
94 482 264 521 deferret
302 481 575 532 peruulgatam
617 493 702 518 esse
743 482 935 519 incestum
976 481 1165 531 gloriante
1204 487 1340 532 matre,
1378 496 1447 520 nec
1484 482 1620 521 tolera-

95 553 201 585 turos
239 546 384 585 milites
424 547 575 597 profani
619 547 808 597 principis
855 547 1076 597 imperium.
1129 547 1269 585 Fabius
1315 547 1498 586 Rusticus
1544 561 1620 586 non

93 613 325 664 Agrippinae
367 612 434 651 sed
469 611 613 650 Neroni
654 613 829 662 cupitum
863 611 902 649 id
935 618 1127 650 memorat
1167 612 1422 663 eiusdemque
1458 613 1620 652 libertae

92 685 177 716 astu
206 677 423 716 disiectum.
476 677 544 715 sed
579 689 676 728 quae
711 676 889 727 Cluuius,
923 677 1058 715 eadem
1093 679 1215 715 ceteri
1248 691 1402 729 quoqne
1442 684 1620 717 auctores

93 742 312 794 prodidere,
340 749 379 781 et
411 743 509 781 fama
544 742 619 781 huc
652 742 823 781 inclinat.

211 805 286 848 3³³².
325 808 448 847 Tacit.
465 820 557 846 ann.
574 808 662 846 XV
682 808 739 846 60
771 807 807 845 Is
830 806 1040 857 [Annaeus
1062 808 1233 858 Seneca]
1258 810 1355 846 sorte
1378 822 1425 847 an
1446 809 1619 860 prudens

91 873 137 912 ad
170 886 259 912 eum
294 873 395 912 diem
429 885 473 911 ex
503 872 711 924 Campania
746 878 992 911 remeauerat
1023 879 1283 924 quartumque
1317 874 1418 925 apud
1451 874 1618 925 lapidem

91 939 315 978 suburbano
343 951 434 977 rure
463 938 701 977 substiterat.
736 938 800 976 illo
827 939 1045 990 propinqua
1074 951 1240 990 uespera
1269 939 1449 978 tribunus
1478 939 1618 990 [prae-

91 1008 221 1044 lorz'ae
254 1006 430 1043 cohortis
467 1005 619 1043 Gauius
653 1003 862 1054 Siluanus]
896 1005 1008 1042 uenit
1045 1009 1082 1042 et
1121 1004 1253 1043 uillam
1293 1005 1418 1056 globis
1451 1005 1619 1044 militum

89 1072 254 1122 saepsit3
294 1075 375 1108 tum
414 1070 489 1120 ipsi
528 1082 616 1107 cum
649 1069 831 1120 Pompeia
864 1068 1024 1107 Paulina
1063 1082 1184 1108 uxore
1224 1076 1261 1108 et
1300 1072 1435 1108 amicis
1470 1070 1619 1109 duobus

90 1135 264 1187 epulanti
307 1134 487 1174 mandata
531 1135 781 1186 imperatoris
827 1133 948 1173 edidit
994 1134 1062 1184 [an
1111 1137 1221 1174 diem
1267 1137 1423 1174 Natalis·
1467 1149 1620 1185 setaque

89 1214 280 1252 responsa
313 1207 551 1250 (tynosceret
579 1202 628 1239 de
654 1212 872 1249 conyressn
900 1213 989 1239 eum
1017 1200 1193 1251 Pe‘sone].
1221 1202 1316 1248 (Ol)
1343 1224 1400 1228 —
1427 1201 1497 1239 Vbi
1524 1202 1617 1240 liae«-

91 1266 212 1317 [φατε
239 1267 393 1306 Seneca
426 1267 703 1316 responderat,
730 1265 900 1315 Neroni]
930 1278 950 1304 a
981 1265 1137 1304 tribuno
1170 1266 1290 1305 relata
1324 1273 1416 1305 sunt
1442 1267 1617 1319 Poppaea

90 1338 126 1370 et
152 1331 344 1383 Tigellino
377 1344 520 1382 coram,
546 1353 604 1358 —
631 1332 857 1382 interrogat,
892 1344 939 1369 an
974 1331 1121 1370 Seneca
1154 1331 1416 1370 uoluntariam
1450 1338 1616 1372 mortem

89 1402 254 1449 pararet.
308 1403 387 1435 tum
421 1396 603 1435 tribunus
637 1396 741 1435 nulla
774 1397 932 1447 pauoris
966 1398 1092 1447 signa,
1132 1397 1230 1435 nihil
1269 1399 1379 1436 triste
1412 1399 1451 1436 in
1485 1398 1617 1437 uerbis

89 1464 173 1501 eius
213 1468 278 1501 aut
310 1462 421 1501 uultu
456 1462 691 1513 deprensum
726 1462 986 1501 confirmauit.
1041 1474 1133 1513 ergo
1173 1462 1329 1513 regredi
1368 1468 1405 1501 et
1444 1463 1617 1502 indicere

88 1533 254 1567 mortem
280 1527 449 1566 iubetur.
483 1527 601 1566 tradit
626 1527 768 1565 Fabius
795 1527 980 1566 Rusticus
1007 1540 1085 1566 non
1112 1540 1156 1566 eo
1185 1541 1261 1579 quo
1287 1534 1451 1567 uenerat
1477 1530 1617 1568 itinere

89 1593 258 1632 reditum
292 1592 361 1631 sed
387 1592 543 1632 flexisse
577 1592 623 1631 ad
656 1592 844 1631 Faenium
877 1593 1119 1644 praefectum
1154 1598 1192 1632 et
1224 1595 1412 1644 expositis
1440 1593 1618 1633 Caesaris

88 1660 218 1709 iussis,
252 1671 300 1697 an
334 1658 635 1709 obtemperaret,
668 1659 976 1708 interrogauisse
1009 1660 1280 1710 monitumque
1314 1659 1360 1697 ab
1394 1672 1450 1710 eo,
1483 1665 1523 1698 ut
1553 1672 1617 1698 ex-

89 1729 333 1775 sequeretur,
366 1724 471 1762 fatali
504 1724 678 1762 omnium
712 1725 878 1774 ignauia.
936 1736 1025 1762 nam
1059 1729 1097 1763 et
1129 1723 1313 1762 Siluanus
1346 1725 1449 1763 inter
1485 1727 1616 1764 coniu-

88 1795 192 1827 ratos
225 1794 308 1827 erat
340 1789 582 1840 augebatque
616 1788 776 1839 scelera,
808 1790 849 1827 in
882 1801 1049 1840 quorum
1076 1789 1265 1828 ultionem
1294 1796 1557 1829 consenserat.

207 1850 283 1893 4³³⁴.
323 1854 357 1892 T
353 1857 446 1892 acis.
469 1856 566 1903 Aqr.
591 1855 645 1892 10
677 1853 857 1892 Formam
884 1856 1002 1893 totius
1023 1854 1247 1893 Britanniae
1270 1854 1404 1894 Liuius
1425 1861 1616 1907 ueterum,

87 1919 229 1958 Fabius
261 1919 447 1958 Rusticus
480 1921 697 1958 recentium
731 1919 1043 1970 eloquentissimi
1078 1926 1274 1971 auctores,
1308 1920 1496 1972 oblongae
1530 1934 1615 1960 scu-

88 1984 190 2023 tulae
221 1984 285 2023 uel
317 1984 478 2035 bipenni
510 1984 808 2023 adsimulauere.

206 2133 242 2169 2.
270 2133 309 2168 F
309 2134 385 2168 abia·
408 2134 548 2177 famam
573 2139 714 2169 secatus
741 2139 790 2170 est
814 2135 1009 2170 Szfcetom'as
1035 2136 1122 2170 Ner.
1144 2138 1193 2170 ,28
1219 2136 1349 2171 Matris
1377 2138 1615 2173 concubitum

87 2179 276 2225 appetisse
309 2183 347 2215 et
379 2181 424 2214 ab
458 2181 772 2216 obtrectatoribus
806 2182 896 2224 eius,
928 2193 974 2216 ne
1001 2182 1103 2217 ferox
1131 2185 1244 2228 atque
1270 2184 1456 2228 impotens
1483 2186 1615 2221 mulier

87 2230 124 2262 et
154 2228 224 2262 hoc
257 2238 391 2273 genere
424 2228 568 2273 gratiae
599 2228 852 2274 praeualeret⁷
879 2229 1098 2264 deterritum
1124 2242 1231 2266 nemo
1259 2231 1457 2275 dubitauit,
1486 2233 1614 2278 utique

86 2278 284 2320 postquam
316 2275 562 2319 meretricem,
595 2288 707 2320 quam
739 2277 839 2311 fama
873 2280 952 2311 erat
978 2278 1208 2322 Agrippinae
1242 2279 1487 2324 simillimam,
1518 2281 1615 2316 inter

87 2322 311 2357 concubinas
337 2323 486 2368 recepit.
533 2323 621 2358 olim
647 2324 772 2367 etiam,
800 2325 971 2369 quotiens
998 2325 1132 2359 lectica
1158 2337 1241 2360 cum
1266 2330 1383 2361 matre
1404 2328 1614 2373 ueheretur,

86 2370 327 2404 libidinatum
352 2370 492 2405 inceste
519 2383 562 2406 ac
588 2372 744 2406 maculis
764 2372 880 2406 uestis
900 2372 1089 2417 proditum
1111 2373 1306 2410 affirmant.
1337 2375 1396 2418 (cf.
1416 2376 1492 2410 Dio
1516 2377 1612 2412 Cass.

88 2421 147 2461 61,
173 2421 231 2460 11,
250 2421 299 2461 4.)

205 2463 243 2500 4.
272 2466 395 2510 Peryit
426 2466 589 2501 Tacitus.-
621 2468 657 2501 et
683 2469 740 2501 est
765 2478 809 2501 ea
835 2467 950 2501 facies
977 2467 1071 2502 citra
1098 2468 1349 2504 Caledoniam.
1389 2470 1485 2504 unde
1513 2473 1550 2505 et
1575 2472 1614 2505 in

88 2511 301 2547 uniuersum
327 2512 437 2547 fama.
474 2513 538 2547 sed
563 2515 803 2558 transgressis
824 2515 1033 2549 inmensum
1055 2517 1091 2549 et
1112 2527 1259 2550 enorme
1281 2517 1442 2561 spatium
1463 2530 1613 2562 procur-

87 2559 248 2593 rentium
274 2561 435 2594 extremo
462 2560 537 2594 iam
563 2560 671 2595 litore
696 2563 879 2596 terrarum
905 2562 1009 2597 uelut
1036 2562 1074 2596 in
1102 2574 1259 2598 cuneum
1287 2566 1472 2599 tenuatur.

207 2701 252 2757 3,
286 2708 351 2744 22.
384 2708 554 2745 reditum
574 2709 627 2745 M
653 2709 798 2747 redisse
830 2710 1032 2747 tribunum
1054 2711 1176 2748 Halm

207 2760 253 2815 4,
288 2768 354 2804 27.
387 2767 571 2815 scapulae
600 2768 682 2805 Vat.
705 2769 762 2805 II

160 2843 238 2868 Hist.
256 2844 341 2869 Rom.
361 2844 413 2869 rel.
428 2845 468 2877 ΙΙ,
488 2846 533 2870 ed.
553 2845 671 2872 Peter.
1308 2840 1326 2869 3

1659 781 1701 809 (35

1646 827 1713 870 {ss
