1842 3133
177 95 269 125 CLII
505 94 566 128 DE
596 93 903 129 SCRIPTORVM
928 94 1053 129 VITIS
1079 94 1141 129 ET
1168 93 1376 131 SCRIPTIS

178 219 293 245 caeco
328 218 459 244 amore
494 205 551 243 illi
584 207 699 243 amici
735 218 803 244 sua
837 211 1013 257 tempora
1047 206 1227 246 colebant
1259 212 1298 246 et
1330 203 1606 262 mirabantur),
1634 210 1709 259 cui,

176 278 217 310 ut
255 272 329 309 sibi
363 271 546 310 auunculi
575 272 723 309 exitum
751 271 955 321 scriberet,
991 274 1138 322 petenti
1167 273 1282 311 etiam
1311 275 1456 323 gratias
1484 275 1573 325 egit,
1607 273 1709 325 quod

181 335 379 388 ‘quamuis
413 338 496 388 ipse
532 332 792 391 (auunculus)
827 337 994 388 plurima
1029 350 1146 389 opera
1181 343 1219 376 ct.
1246 351 1428 377 mansura
1458 338 1710 390 condidisset,

177 402 343 442 multum
377 408 506 441 tamen
540 403 794 453 perpetuitati
835 404 919 441 eius
953 404 1193 454 scriptorum
1228 405 1352 455 ipsius
1387 400 1550 459 (Taciti)
1585 410 1710 443 aeter-

178 470 281 507 nitas
316 468 495 506 additura
530 466 654 506 esset'
697 470 775 518 (ep.
812 469 870 506 Γ]
894 469 960 516 16,
989 470 1026 517 2,
1066 481 1140 507 scr.
1174 470 1279 507 inter
1311 482 1433 508 annos
1471 468 1553 508 104
1585 482 1710 521 usque

177 534 223 572 ad
258 546 288 572 a.
322 531 414 583 108,
449 534 571 583 Bries
597 536 636 572 in
673 535 708 572 d.
743 538 840 572 ro’m.
875 534 966 572 Lm.
992 547 1035 583 st.
1065 535 1149 572 107
1163 537 1285 586 sqq),
1325 547 1442 573 manu
1482 540 1588 574 certe
1628 540 1711 574 tum

179 600 338 638 Tacitus
372 612 389 637 a
424 599 534 638 Iuliis
569 599 821 650 tllaudiisque
856 598 1088 650 abstinebat,
1122 599 1169 638 ad
1196 612 1363 651 quorum
1392 613 1454 639 res
1482 602 1607 640 amieo
1635 602 1711 640 iam

178 670 332 704 mortuo
366 664 590 704 tractandas
624 666 801 703 accessit.

298 731 373 769 Sed
407 732 622 782 quaeritur,
657 744 750 769 num
785 743 1002 770 consensus
1035 731 1172 782 Taciti,
1207 731 1418 782 Plutarchi,
1461 732 1639 771 Suetonii
1671 733 1711 771 in

179 796 298 835 rebus
331 798 423 835 anni
457 794 512 835 69
547 802 585 835 et
619 794 673 835 70
708 796 918 848 descriptis
952 796 998 835 ad
1031 796 1201 836 Plinium
1236 797 1482 837 reuocandus
1517 799 1577 848 sit,
1611 811 1710 849 quae

179 864 374 902 sententia
401 868 457 901 est
486 862 774 913 Wiedemanni,
802 861 972 913 Nisseni,
1001 862 1141 901 Fabiae
1170 865 1223 912 (p.
1252 863 1518 912 wat—209),
1554 863 1712 902 Gerckii

179 931 233 979 (p.
263 929 347 967 159
361 930 477 979 sqq),
511 928 687 967 aliorum.
722 930 806 979 ipse
841 928 906 967 diu
940 927 1188 980 multumque
1217 929 1255 966 in
1285 941 1369 967 eam
1398 941 1481 967 rein
1508 930 1712 980 inquisiui,

180 996 376 1046 quoniam,
417 995 730 1045 quotiescunque
772 995 809 1032 in
845 996 928 1045 ipso
962 994 1096 1032 Tacito
1130 993 1343 1033 uolutando
1376 1000 1559 1033 uersatus
1593 1007 1712 1046 eram,

180 1073 200 1099 a
233 1072 294 1099 me
328 1061 541 1111 impetrare
576 1072 651 1098 non
685 1065 872 1111 poteram,
906 1064 948 1098 ut
980 1064 1105 1098 totum
1139 1072 1229 1098 euni
1262 1061 1413 1099 auctori
1447 1072 1487 1098 se
1515 1059 1712 1099 addixisse

180 1126 402 1177 crederem,
448 1138 685 1164 consensum
731 1131 862 1164 tamen
909 1137 1140 1177 comparans
1187 1130 1225 1163 et
1271 1127 1498 1164 examinans
1544 1125 1590 1164 ab
1636 1125 1713 1164 illis

180 1192 308 1231 tribus
330 1191 590 1243 scriptoribus
619 1191 786 1230 eundem
816 1195 1017 1229 auctorem
1045 1190 1264 1230 adhibitum
1293 1203 1379 1230 esse
1408 1204 1565 1243 semper
1587 1191 1713 1230 denuo

180 1258 277 1297 mihi
322 1259 511 1309 persuasi.
589 1256 656 1296 sed
703 1256 790 1295 nolo
837 1258 1041 1295 materiam
1088 1256 1153 1295 hic
1200 1268 1427 1308 recoquere,
1473 1269 1492 1295 a
1532 1257 1649 1296 mel.
1684 1270 1713 1295 s.

180 1337 217 1376 p.
246 1321 420 1362 28-44
454 1324 546 1362 olim
580 1328 817 1374 congestam,
852 1327 985 1374 postea
1017 1323 1081 1361 hic
1114 1322 1195 1361 illie
1229 1327 1381 1361 auctam
1415 1336 1434 1361 a
1462 1322 1714 1374 Mommseno,

182 1389 309 1440 Lezio,
342 1389 471 1440 Fabia,
504 1389 672 1427 Borenio
700 1389 877 1440 aliisque.
930 1401 1028 1440 quae
1054 1401 1130 1427 una
1159 1389 1317 1439 grauior
1344 1388 1533 1427 dubitatio
1562 1401 1714 1427 reman-

183 1460 285 1494 serat
321 1450 539 1508 (Plutarchi
565 1454 652 1493 Oth.
681 1452 706 1493 3
740 1452 1020 1506 φοβούμενος
1045 1448 1154 1506 ὑπὲρ
1188 1459 1274 1493 τῶν
1303 1451 1480 1507 ἀνδρῶν
1506 1452 1635 1501 αὐτὸς
1661 1449 1716 1506 ἦν

183 1519 374 1573 φοβερὸς
413 1517 598 1568 ἐκείνοις
636 1526 674 1559 et
706 1520 831 1559 Taciti
870 1520 959 1558 hist.
995 1520 1008 1558 Ι
1043 1517 1095 1558 81
1138 1532 1227 1559 eum
1267 1522 1422 1559 limeret
1468 1520 1566 1559 Otho
1606 1523 1714 1559 lime-

185 1583 324 1641 balur)
355 1599 373 1625 a
403 1585 570 1625 Gerckio
599 1588 647 1633 (l.
674 1599 760 1635 sup.
784 1585 1124 1635 176),Muenzero
1153 1587 1307 1631 (Herm.
1329 1586 1575 1635 XXXJJ'p.
1598 1586 1715 1635 641),

184 1652 414 1691 Woelfflino
457 1654 629 1699 (Archiv
669 1653 738 1690 XI
773 1666 812 1701 [ι.
844 1652 948 1699 430)
996 1656 1142 1690 remota
1189 1656 1269 1702 est,
1315 1663 1403 1689 nam
1444 1651 1538 1689 haec
1578 1652 1653 1690 iam
1696 1664 1716 1689 a

187 1718 340 1769 Solone,
373 1717 605 1768 Periandro,
640 1717 823 1768 Laberi0,
857 1718 1046 1756 Cicerone
1086 1722 1272 1768 usurpata
1315 1716 1522 1755 antithesis
1560 1716 1717 1767 uulgata

186 1791 268 1823 tum
300 1780 432 1838 eratil)

307 1850 360 1888 De
394 1851 553 1888 nomine
592 1854 723 1887 tamen
766 1850 939 1887 auctoris
978 1849 1198 1887 communis
1238 1849 1355 1887 etiam
1396 1860 1499 1886 nunc.
1533 1852 1717 1886 certatur.

188 1918 270 1967 ipse
305 1921 343 1954 et
376 1917 550 1966 quinque
585 1916 697 1953 annis
730 1920 819 1966 post
844 1914 1110 1952 Mommsenus
1145 1913 1190 1952 de
1219 1913 1356 1952 Cluuio
1384 1915 1717 1964 cogitaueramus:

188 1988 222 2020 at
253 1983 285 2019 is
320 1981 365 2019 de
400 1980 535 2019 eadem
571 1993 611 2019 re
646 1994 664 2019 a
699 1980 906 2019 Plutarcho
940 1981 980 2018 in
1008 1979 1234 2031 parenthesi
1267 1980 1494 2018 nominatur
1521 1979 1631 2025 (oth.
1659 1980 1718 2027 3),

190 2061 207 2085 a
244 2048 430 2085 Suetonio
465 2047 576 2093 (Oth.
606 2047 649 2093 7)
685 2046 939 2096 significatur,
974 2058 993 2083 a
1026 2045 1159 2083 Tacito
1194 2047 1306 2091 (hist.
1335 2046 1361 2083 I
1384 2044 1457 2091 78)
1491 2045 1607 2083 tacite
1634 2056 1717 2082 cor—

190 2114 331 2163 rigitur
371 2114 472 2159 (uid.
513 2113 645 2150 Cluuii
673 2112 727 2161 fr.
762 2112 789 2149 3
823 2124 854 2149 c.
883 2113 1014 2161 adm),
1059 2116 1102 2148 ut
1144 2112 1219 2148 iam
1263 2122 1281 2148 a
1322 2111 1521 2148 communi
1560 2114 1718 2149 auctore

190 2191 279 2216 eum
319 2179 479 2216 citatum
521 2190 606 2216 esse
648 2177 816 2228 eluceat,
862 2182 944 2214 tum
979 2176 1154 2227 Vipstani
1192 2175 1393 2214 Messallae
1434 2176 1718 2226 commentarii,

191 2257 288 2295 quos
321 2243 480 2282 Tacitus
514 2244 606 2281 item
649 2244 685 2281 in
728 2243 903 2280 historiis
943 2243 1095 2292 citauit,
1135 2254 1211 2279 non
1245 2246 1368 2279 totum
1404 2240 1499 2279 illud
1531 2242 1719 2292 temporis

191 2311 359 2360 spatium
404 2308 596 2360 complexi
636 2313 743 2358 sunt,
786 2307 894 2346 Fabii
933 2306 1101 2357 Rustici,
1140 2319 1237 2357 quos
1277 2307 1316 2345 iu
1356 2305 1573 2355 annalibus,
1601 2305 1638 2344 id
1672 2318 1719 2344 ne

313 2464 345 2503 1)
372 2459 424 2492 Ex
457 2458 535 2492 ludi
568 2457 743 2493 rhetorici
774 2458 905 2491 umbra
932 2456 1068 2491 multas
1099 2456 1304 2491 sententias
1330 2456 1367 2490 in
1394 2456 1513 2490 uitam
1540 2456 1720 2491 deductas

193 2514 304 2555 atque
333 2512 445 2546 etiam
473 2524 492 2546 a
522 2511 764 2557 scriptoribus
792 2511 850 2545 uel
877 2510 1007 2544 inuitis
1035 2510 1093 2544 uel
1121 2509 1275 2544 consilio
1303 2510 1349 2544 ad
1381 2510 1585 2545 orationem
1619 2521 1720 2544 exor-

193 2566 353 2599 nandam
383 2565 572 2599 adhibitos
600 2576 679 2599 esse
706 2565 841 2599 docent
860 2564 978 2598 multa
1000 2563 1180 2608 exempla,
1202 2563 1307 2598 uelut
1327 2564 1467 2598 Seneca
1488 2564 1581 2597 cont.
1606 2567 1636 2605 9,
1653 2566 1684 2605 4,
1700 2567 1720 2597 5

195 2620 380 2653 necessitas
413 2631 583 2663 *masmim
615 2620 797 2653 hnmanae
835 2619 1086 2653 imbecillitatzts
1114 2619 1359 2662 patrocinum
1400 2622 1449 2652 cst
1486 2618 1721 2662 comparatus

195 2684 274 2705 cuni
307 2672 452 2705 Valerio
480 2672 643 2706 Maximo
666 2678 696 2716 2,
719 2676 749 2715 7,
773 2676 815 2706 10
847 2673 1028 2705 humanae
1060 2672 1316 2706 imbecillitatis
1341 2672 1629 2714 efficacissenmmz
1654 2670 1720 2704 ‹lu-

195 2731 393 2760 ramentum
426 2729 474 2758 «nst
514 2727 711 2761 necessitas.
753 2738 784 2759 u.
814 2724 1013 2759 Morawski
1047 2724 1117 2758 Eos
1156 2724 1187 2757 II
1221 2730 1251 2759 ὅ.
1303 2723 1453 2759 Norden
1487 2725 1719 2767 Kana-{prosa

196 2792 228 2823 p.
253 2782 329 2812 304.
359 2782 425 2812 385
442 2790 493 2822 sq.
535 2779 638 2813 Marx
661 2780 823 2824 J’roleyy.
847 2779 895 2812 ad
922 2779 1081 2813 Herem.
1103 2789 1137 2822 p.
1160 2781 1214 2812 88.
